<?xml version="1.0" encoding="UTF-8"?>
<!DOCTYPE html PUBLIC "-//W3C//DTD XHTML 1.0 Transitional//EN"
    "http://www.w3.org/TR/xhtml1/DTD/xhtml1-transitional.dtd">
<html xmlns="http://www.w3.org/1999/xhtml" xml:lang="en" lang="en">
 <head>
  <title>
</title>
<meta http-equiv="Content-Type" content="text/html;charset=utf-8" />
  <meta name='ocr-system' content='tesseract 3.04.00' />
  <meta name='ocr-capabilities' content='ocr_page ocr_carea ocr_par ocr_line ocrx_word'/>
</head>
<body>
  <div class='ocr_page' id='page_1' title='image "./lexiconquintilia04bonnuoft_0293.png"; bbox 0 0 1676 3028; ppageno 0'>
   <div class='ocr_carea' id='block_1_1' title="bbox 345 168 1441 227">
    <p class='ocr_par' dir='ltr' id='par_1_1' title="bbox 345 168 1441 227">
     <span class='ocr_line' id='line_1_1' title="bbox 345 168 1441 227; baseline -0.008 -4"><span class='ocrx_word' id='word_1_1' title='bbox 345 173 508 223; x_wconf 87' lang='lat' dir='ltr'><strong>INST.</strong></span> <span class='ocrx_word' id='word_1_2' title='bbox 545 170 824 220; x_wconf 82' lang='lat' dir='ltr'><strong>ORATOR.</strong></span> <span class='ocrx_word' id='word_1_3' title='bbox 857 168 978 217; x_wconf 87' lang='lat' dir='ltr'><strong>LIB.</strong></span> <span class='ocrx_word' id='word_1_4' title='bbox 1017 168 1114 227; x_wconf 83' lang='lat' dir='ltr'><strong>xt,</strong></span> <span class='ocrx_word' id='word_1_5' title='bbox 1163 181 1207 216; x_wconf 87' lang='lat'><strong>1.</strong></span> <span class='ocrx_word' id='word_1_6' title='bbox 1342 169 1441 227; x_wconf 78' lang='lat'><strong>263</strong></span> 
     </span>
    </p>
   </div>
   <div class='ocr_carea' id='block_1_2' title="bbox 104 297 1519 1059">
    <p class='ocr_par' dir='ltr' id='par_1_2' title="bbox 104 297 1519 1059">
     <span class='ocr_line' id='line_1_2' title="bbox 104 297 1445 374; baseline -0.007 -18"><span class='ocrx_word' id='word_1_7' title='bbox 104 303 316 374; x_wconf 85' lang='lat' dir='ltr'><strong>pupillo</strong></span> <span class='ocrx_word' id='word_1_8' title='bbox 384 301 456 351; x_wconf 87' lang='lat' dir='ltr'><strong>sic</strong></span> <span class='ocrx_word' id='word_1_9' title='bbox 517 311 665 350; x_wconf 88' lang='lat' dir='ltr'><strong>tutor</strong></span> <span class='ocrx_word' id='word_1_10' title='bbox 721 297 967 349; x_wconf 81' lang='lat' dir='ltr'>irascatur</span> <span class='ocrx_word' id='word_1_11' title='bbox 1033 314 1303 364; x_wconf 88' lang='lat' dir='ltr'><strong>unquam,</strong></span> <span class='ocrx_word' id='word_1_12' title='bbox 1379 307 1445 347; x_wconf 86' lang='lat' dir='ltr'><strong>ut</strong></span> 
     </span>
     <span class='ocr_line' id='line_1_3' title="bbox 104 373 1445 441; baseline -0.009 -8"><span class='ocrx_word' id='word_1_13' title='bbox 104 384 218 433; x_wconf 84' lang='lat' dir='ltr'><strong>non</strong></span> <span class='ocrx_word' id='word_1_14' title='bbox 282 388 586 430; x_wconf 83' lang='lat' dir='ltr'><strong>remaneant</strong></span> <span class='ocrx_word' id='word_1_15' title='bbox 639 378 830 426; x_wconf 87' lang='lat' dir='ltr'><strong>amoris</strong></span> <span class='ocrx_word' id='word_1_16' title='bbox 875 373 1125 441; x_wconf 82' lang='lat' dir='ltr'><strong>vestigia,</strong></span> <span class='ocrx_word' id='word_1_17' title='bbox 1201 385 1253 428; x_wconf 74' lang='lat' dir='ltr'><strong>et</strong></span> <span class='ocrx_word' id='word_1_18' title='bbox 1305 373 1445 422; x_wconf 83' lang='lat' dir='ltr'><strong>sacra</strong></span> 
     </span>
     <span class='ocr_line' id='line_1_4' title="bbox 106 450 1443 526; baseline -0.006 -18"><span class='ocrx_word' id='word_1_19' title='bbox 106 457 366 526; x_wconf 84' lang='lat' dir='ltr'>quaedam</span> <span class='ocrx_word' id='word_1_20' title='bbox 382 457 545 522; x_wconf 87' lang='lat' dir='ltr'><strong>patris</strong></span> <span class='ocrx_word' id='word_1_21' title='bbox 566 459 678 517; x_wconf 88' lang='lat' dir='ltr'><strong>ejus</strong></span> <span class='ocrx_word' id='word_1_22' title='bbox 701 454 968 503; x_wconf 90' lang='lat' dir='ltr'><strong>memoria.</strong></span> <span class='ocrx_word' id='word_1_23' title='bbox 1035 456 1145 506; x_wconf 82' lang='lat' dir='ltr'><strong>lam</strong></span> <span class='ocrx_word' id='word_1_24' title='bbox 1165 450 1443 518; x_wconf 89' lang='lat' dir='ltr'><strong>quomodo</strong></span> 
     </span>
     <span class='ocr_line' id='line_1_5' title="bbox 107 533 1444 599; baseline -0.007 -13"><span class='ocrx_word' id='word_1_25' title='bbox 107 546 288 587; x_wconf 87' lang='lat' dir='ltr'><strong>contra</strong></span> <span class='ocrx_word' id='word_1_26' title='bbox 307 533 633 583; x_wconf 86' lang='lat' dir='ltr'>abdicantem</span> <span class='ocrx_word' id='word_1_27' title='bbox 650 541 867 599; x_wconf 87' lang='lat' dir='ltr'><strong>patrem,</strong></span> <span class='ocrx_word' id='word_1_28' title='bbox 878 540 1187 595; x_wconf 87' lang='lat' dir='ltr'><strong>querentem</strong></span> <span class='ocrx_word' id='word_1_29' title='bbox 1205 545 1444 587; x_wconf 85' lang='lat' dir='ltr'><strong>uxorem,</strong></span> 
     </span>
     <span class='ocr_line' id='line_1_6' title="bbox 107 607 1443 679; baseline -0.005 -17"><span class='ocrx_word' id='word_1_30' title='bbox 107 614 191 679; x_wconf 85' lang='lat' dir='ltr'><strong>agi</strong></span> <span class='ocrx_word' id='word_1_31' title='bbox 223 610 424 662; x_wconf 84' lang='lat' dir='ltr'><strong>causam</strong></span> <span class='ocrx_word' id='word_1_32' title='bbox 462 618 752 676; x_wconf 86' lang='lat' dir='ltr'><strong>oporteret,</strong></span> <span class='ocrx_word' id='word_1_33' title='bbox 797 608 855 656; x_wconf 78' lang='lat' dir='ltr'><strong>in</strong></span> <span class='ocrx_word' id='word_1_34' title='bbox 884 608 1051 666; x_wconf 90' lang='lat' dir='ltr'><strong>libro,</strong></span> <span class='ocrx_word' id='word_1_35' title='bbox 1098 617 1161 656; x_wconf 87' lang='lat' dir='ltr'><strong>ut</strong></span> <span class='ocrx_word' id='word_1_36' title='bbox 1201 607 1443 664; x_wconf 84' lang='lat' dir='ltr'><strong>arbitror,</strong></span> 
     </span>
     <span class='ocr_line' id='line_1_7' title="bbox 107 682 1446 755; baseline -0.004 -17"><span class='ocrx_word' id='word_1_37' title='bbox 107 688 328 755; x_wconf 83' lang='lat' dir='ltr'><strong>septimo</strong></span> <span class='ocrx_word' id='word_1_38' title='bbox 369 687 492 736; x_wconf 84' lang='lat' dir='ltr'><strong>dixi.</strong></span> <span class='ocrx_word' id='word_1_39' title='bbox 608 684 832 755; x_wconf 81' lang='lat' dir='ltr'><strong>Quando</strong></span> <span class='ocrx_word' id='word_1_40' title='bbox 878 685 1037 733; x_wconf 87' lang='lat' dir='ltr'><strong>etiam</strong></span> <span class='ocrx_word' id='word_1_41' title='bbox 1087 682 1230 751; x_wconf 87' lang='lat' dir='ltr'><strong>ipsos</strong></span> <span class='ocrx_word' id='word_1_42' title='bbox 1274 684 1446 749; x_wconf 88' lang='lat' dir='ltr'><strong>loqui,</strong></span> 
     </span>
     <span class='ocr_line' id='line_1_8' title="bbox 107 761 1448 832; baseline -0.004 -16"><span class='ocrx_word' id='word_1_43' title='bbox 107 763 322 832; x_wconf 85' lang='lat' dir='ltr'><strong>quando</strong></span> <span class='ocrx_word' id='word_1_44' title='bbox 367 764 609 814; x_wconf 86' lang='lat' dir='ltr'><strong>advocati</strong></span> <span class='ocrx_word' id='word_1_45' title='bbox 650 779 781 812; x_wconf 86' lang='lat' dir='ltr'><strong>voce</strong></span> <span class='ocrx_word' id='word_1_46' title='bbox 820 762 903 810; x_wconf 82' lang='lat' dir='ltr'><strong>uti</strong></span> <span class='ocrx_word' id='word_1_47' title='bbox 958 761 1162 819; x_wconf 87' lang='lat' dir='ltr'><strong>deceat,</strong></span> <span class='ocrx_word' id='word_1_48' title='bbox 1228 772 1448 826; x_wconf 80' lang='lat' dir='ltr'><strong>quartus</strong></span> 
     </span>
     <span class='ocr_line' id='line_1_9' title="bbox 105 837 1446 905; baseline -0.004 -14"><span class='ocrx_word' id='word_1_49' title='bbox 105 843 267 900; x_wconf 84' lang='lat' dir='ltr'><strong>liber,</strong></span> <span class='ocrx_word' id='word_1_50' title='bbox 305 842 364 889; x_wconf 90' lang='lat' dir='ltr'><strong>in</strong></span> <span class='ocrx_word' id='word_1_51' title='bbox 395 857 504 905; x_wconf 89' lang='lat' dir='ltr'><strong>quo</strong></span> <span class='ocrx_word' id='word_1_52' title='bbox 538 839 804 905; x_wconf 85' lang='lat' dir='ltr'><strong>prooemii</strong></span> <span class='ocrx_word' id='word_1_53' title='bbox 831 849 1105 905; x_wconf 87' lang='lat' dir='ltr'><strong>praecepta</strong></span> <span class='ocrx_word' id='word_1_54' title='bbox 1132 837 1279 897; x_wconf 86' lang='lat' dir='ltr'><strong>sunt,</strong></span> <span class='ocrx_word' id='word_1_55' title='bbox 1320 855 1446 888; x_wconf 88' lang='lat' dir='ltr'><strong>con-</strong></span> 
     </span>
     <span class='ocr_line' id='line_1_10' title="bbox 107 912 1519 982; baseline -0.005 -14"><span class='ocrx_word' id='word_1_56' title='bbox 107 919 250 968; x_wconf 85' lang='lat' dir='ltr'><strong>tinet.</strong></span> <span class='ocrx_word' id='word_1_57' title='bbox 328 915 440 966; x_wconf 82' lang='lat' dir='ltr'><strong>Effe</strong></span> <span class='ocrx_word' id='word_1_58' title='bbox 476 918 535 965; x_wconf 90' lang='lat' dir='ltr'><strong>in</strong></span> <span class='ocrx_word' id='word_1_59' title='bbox 554 916 729 965; x_wconf 84' lang='lat' dir='ltr'><strong>verbis</strong></span> <span class='ocrx_word' id='word_1_60' title='bbox 760 912 914 978; x_wconf 74' lang='lat' dir='ltr'><strong>‘’quod</strong></span> <span class='ocrx_word' id='word_1_61' title='bbox 936 914 1127 973; x_wconf 86' lang='lat' dir='ltr'><strong>deceat,</strong></span> <span class='ocrx_word' id='word_1_62' title='bbox 1169 925 1259 964; x_wconf 88' lang='lat' dir='ltr'><strong>aut</strong></span> <span class='ocrx_word' id='word_1_63' title='bbox 1290 927 1448 982; x_wconf 81' lang='lat' dir='ltr'><strong>turpe</strong></span> <span class='ocrx_word' id='word_1_64' title='bbox 1468 923 1519 961; x_wconf 88' lang='lat'><strong>60</strong></span> 
     </span>
     <span class='ocr_line' id='line_1_11' title="bbox 105 982 1447 1059; baseline -0.001 -15"><span class='ocrx_word' id='word_1_65' title='bbox 105 982 195 1054; x_wconf 78' lang='lat' dir='ltr'><strong>fit,</strong></span> <span class='ocrx_word' id='word_1_66' title='bbox 249 993 454 1044; x_wconf 88' lang='lat' dir='ltr'><strong>nemini</strong></span> <span class='ocrx_word' id='word_1_67' title='bbox 487 992 723 1042; x_wconf 86' lang='lat' dir='ltr'><strong>dubium</strong></span> <span class='ocrx_word' id='word_1_68' title='bbox 744 989 830 1040; x_wconf 82' lang='lat' dir='ltr'><strong>est.</strong></span> <span class='ocrx_word' id='word_1_69' title='bbox 932 993 1115 1041; x_wconf 89' lang='lat' dir='ltr'><strong>Unum</strong></span> <span class='ocrx_word' id='word_1_70' title='bbox 1143 996 1248 1054; x_wconf 87' lang='lat' dir='ltr'><strong>jam</strong></span> <span class='ocrx_word' id='word_1_71' title='bbox 1277 994 1447 1059; x_wconf 79' lang='lat' dir='ltr'><strong>igitur</strong></span> 
     </span>
    </p>
   </div>
   <div class='ocr_carea' id='block_1_3' title="bbox 101 1157 1451 2391">
    <p class='ocr_par' dir='ltr' id='par_1_3' title="bbox 101 1157 1451 2391">
     <span class='ocr_line' id='line_1_12' title="bbox 103 1157 1447 1208; baseline -0.001 -10"><span class='ocrx_word' id='word_1_72' title='bbox 103 1173 176 1198; x_wconf 81' lang='lat' dir='ltr'><strong>nos</strong></span> <span class='ocrx_word' id='word_1_73' title='bbox 198 1160 244 1196; x_wconf 82' lang='lat' dir='ltr'><strong>ad</strong></span> <span class='ocrx_word' id='word_1_74' title='bbox 272 1166 317 1205; x_wconf 78' lang='grc'><strong>4,</strong></span> <span class='ocrx_word' id='word_1_75' title='bbox 353 1174 370 1196; x_wconf 81' lang='grc' dir='ltr'><strong>ι</strong></span> <span class='ocrx_word' id='word_1_76' title='bbox 388 1186 399 1202; x_wconf 84' lang='grc'><em>,</em></span> <span class='ocrx_word' id='word_1_77' title='bbox 434 1170 497 1208; x_wconf 86' lang='lat'><strong>19.</strong></span> <span class='ocrx_word' id='word_1_78' title='bbox 531 1168 536 1174; x_wconf 83' lang='lat'><strong>·</strong></span> <span class='ocrx_word' id='word_1_79' title='bbox 555 1159 662 1208; x_wconf 80' lang='lat' dir='ltr'><strong>Ergo</strong></span> <span class='ocrx_word' id='word_1_80' title='bbox 681 1173 730 1196; x_wconf 81' lang='lat' dir='ltr'><strong>ne</strong></span> <span class='ocrx_word' id='word_1_81' title='bbox 749 1170 854 1194; x_wconf 86' lang='lat' dir='ltr'><strong>nunc</strong></span> <span class='ocrx_word' id='word_1_82' title='bbox 874 1157 1034 1206; x_wconf 82' lang='lat' dir='ltr'><strong>quidem</strong></span> <span class='ocrx_word' id='word_1_83' title='bbox 1069 1159 1155 1196; x_wconf 81' lang='lat' dir='ltr'><strong>satis</strong></span> <span class='ocrx_word' id='word_1_84' title='bbox 1185 1160 1381 1208; x_wconf 79' lang='lat' dir='ltr'><strong>acquiesco</strong></span> <span class='ocrx_word' id='word_1_85' title='bbox 1402 1161 1447 1197; x_wconf 83' lang='lat' dir='ltr'><strong>in</strong></span> 
     </span>
     <span class='ocr_line' id='line_1_13' title="bbox 104 1214 1447 1266; baseline -0.001 -12"><span class='ocrx_word' id='word_1_86' title='bbox 104 1218 175 1254; x_wconf 81' lang='lat' dir='ltr'><strong>tali</strong></span> <span class='ocrx_word' id='word_1_87' title='bbox 206 1218 287 1257; x_wconf 81' lang='lat' dir='ltr'><strong>usu,</strong></span> <span class='ocrx_word' id='word_1_88' title='bbox 322 1217 392 1266; x_wconf 87' lang='lat' dir='ltr'><strong>qui</strong></span> <span class='ocrx_word' id='word_1_89' title='bbox 415 1228 511 1252; x_wconf 86' lang='lat' dir='ltr'><strong>mox</strong></span> <span class='ocrx_word' id='word_1_90' title='bbox 538 1217 693 1252; x_wconf 87' lang='lat' dir='ltr'><strong>nonnisi</strong></span> <span class='ocrx_word' id='word_1_91' title='bbox 711 1215 871 1251; x_wconf 81' lang='lat' dir='ltr'><strong>infimae</strong></span> <span class='ocrx_word' id='word_1_92' title='bbox 905 1214 982 1250; x_wconf 81' lang='lat' dir='ltr'><strong>fuit</strong></span> <span class='ocrx_word' id='word_1_93' title='bbox 1002 1214 1217 1253; x_wconf 81' lang='lat' dir='ltr'><strong>latinitatis.</strong></span> <span class='ocrx_word' id='word_1_94' title='bbox 1277 1218 1327 1252; x_wconf 86' lang='lat' dir='ltr'><strong>Et</strong></span> <span class='ocrx_word' id='word_1_95' title='bbox 1346 1217 1447 1253; x_wconf 86' lang='lat' dir='ltr'><strong>adest</strong></span> 
     </span>
     <span class='ocr_line' id='line_1_14' title="bbox 104 1272 1447 1321; baseline 0.001 -11"><span class='ocrx_word' id='word_1_96' title='bbox 104 1273 290 1310; x_wconf 72' lang='lat' dir='ltr'><strong>facillima</strong></span> <span class='ocrx_word' id='word_1_97' title='bbox 309 1272 544 1312; x_wconf 81' lang='lat' dir='ltr'><strong>emendatio,</strong></span> <span class='ocrx_word' id='word_1_98' title='bbox 566 1272 613 1308; x_wconf 85' lang='lat' dir='ltr'><strong>ad</strong></span> <span class='ocrx_word' id='word_1_99' title='bbox 638 1286 753 1321; x_wconf 86' lang='lat' dir='ltr'><strong>quam</strong></span> <span class='ocrx_word' id='word_1_100' title='bbox 774 1285 891 1307; x_wconf 85' lang='lat' dir='ltr'><strong>manu</strong></span> <span class='ocrx_word' id='word_1_101' title='bbox 914 1272 1017 1319; x_wconf 71' lang='lat' dir='ltr'><strong>quasi</strong></span> <span class='ocrx_word' id='word_1_102' title='bbox 1046 1272 1224 1308; x_wconf 85' lang='lat' dir='ltr'><strong>ducimur</strong></span> <span class='ocrx_word' id='word_1_103' title='bbox 1248 1274 1293 1309; x_wconf 89' lang='lat' dir='ltr'><strong>ab</strong></span> <span class='ocrx_word' id='word_1_104' title='bbox 1314 1274 1447 1312; x_wconf 84' lang='lat' dir='ltr'><strong>Ambr.</strong></span> 
     </span>
     <span class='ocr_line' id='line_1_15' title="bbox 105 1327 1448 1380; baseline 0 -14"><span class='ocrx_word' id='word_1_105' title='bbox 105 1343 170 1366; x_wconf 77' lang='lat' dir='ltr'><strong>nec</strong></span> <span class='ocrx_word' id='word_1_106' title='bbox 195 1331 371 1378; x_wconf 82' lang='lat' dir='ltr'><strong>peccanti.</strong></span> <span class='ocrx_word' id='word_1_107' title='bbox 405 1327 452 1365; x_wconf 83' lang='lat' dir='ltr'><strong>cf.</strong></span> <span class='ocrx_word' id='word_1_108' title='bbox 475 1335 511 1373; x_wconf 74' lang='grc'><strong>8,</strong></span> <span class='ocrx_word' id='word_1_109' title='bbox 530 1328 591 1377; x_wconf 45' lang='grc'><strong>,6,</strong></span> <span class='ocrx_word' id='word_1_110' title='bbox 620 1337 685 1371; x_wconf 79' lang='lat'><strong>50.</strong></span> <span class='ocrx_word' id='word_1_111' title='bbox 718 1328 755 1370; x_wconf 86' lang='lat'><strong>6,</strong></span> <span class='ocrx_word' id='word_1_112' title='bbox 786 1339 821 1367; x_wconf 86' lang='lat'><strong>2,</strong></span> <span class='ocrx_word' id='word_1_113' title='bbox 858 1335 919 1371; x_wconf 84' lang='lat'><strong>15.</strong></span> <span class='ocrx_word' id='word_1_114' title='bbox 979 1330 1086 1364; x_wconf 85' lang='lat' dir='ltr'><strong>Stant</strong></span> <span class='ocrx_word' id='word_1_115' title='bbox 1106 1340 1233 1365; x_wconf 84' lang='lat' dir='ltr'><strong>tamen</strong></span> <span class='ocrx_word' id='word_1_116' title='bbox 1255 1344 1273 1364; x_wconf 87' lang='lat' dir='ltr'><strong>a</strong></span> <span class='ocrx_word' id='word_1_117' title='bbox 1295 1341 1448 1380; x_wconf 82' lang='lat' dir='ltr'><strong>recepta</strong></span> 
     </span>
     <span class='ocr_line' id='line_1_16' title="bbox 104 1383 1449 1435; baseline 0.001 -14"><span class='ocrx_word' id='word_1_118' title='bbox 104 1385 236 1435; x_wconf 81' lang='lat' dir='ltr'><strong>magni</strong></span> <span class='ocrx_word' id='word_1_119' title='bbox 256 1386 360 1422; x_wconf 75' lang='lat' dir='ltr'><strong>testes</strong></span> <span class='ocrx_word' id='word_1_120' title='bbox 381 1384 512 1421; x_wconf 81' lang='lat' dir='ltr'><strong>Turic.</strong></span> <span class='ocrx_word' id='word_1_121' title='bbox 534 1383 638 1421; x_wconf 86' lang='lat' dir='ltr'><strong>Flor.</strong></span> <span class='ocrx_word' id='word_1_122' title='bbox 658 1385 772 1420; x_wconf 85' lang='lat' dir='ltr'><strong>etiam</strong></span> <span class='ocrx_word' id='word_1_123' title='bbox 791 1385 904 1420; x_wconf 77' lang='lat' dir='ltr'><strong>Bern.</strong></span> <span class='ocrx_word' id='word_1_124' title='bbox 937 1383 1055 1420; x_wconf 83' lang='lat' dir='ltr'><strong>Goth.</strong></span> <span class='ocrx_word' id='word_1_125' title='bbox 1085 1399 1156 1421; x_wconf 88' lang='lat' dir='ltr'><strong>nec</strong></span> <span class='ocrx_word' id='word_1_126' title='bbox 1173 1387 1294 1433; x_wconf 86' lang='lat' dir='ltr'><strong>potest</strong></span> <span class='ocrx_word' id='word_1_127' title='bbox 1314 1388 1449 1434; x_wconf 81' lang='lat' dir='ltr'><strong>negari</strong></span> 
     </span>
     <span class='ocr_line' id='line_1_17' title="bbox 102 1439 1448 1493; baseline 0.002 -17"><span class='ocrx_word' id='word_1_128' title='bbox 102 1441 260 1493; x_wconf 73' lang='lat' dir='ltr'><strong>plenior</strong></span> <span class='ocrx_word' id='word_1_129' title='bbox 291 1452 330 1477; x_wconf 88' lang='lat' dir='ltr'><strong>et</strong></span> <span class='ocrx_word' id='word_1_130' title='bbox 356 1439 553 1477; x_wconf 81' lang='lat' dir='ltr'><strong>robustior</strong></span> <span class='ocrx_word' id='word_1_131' title='bbox 584 1441 627 1476; x_wconf 88' lang='lat' dir='ltr'><strong>in</strong></span> <span class='ocrx_word' id='word_1_132' title='bbox 658 1454 699 1476; x_wconf 71' lang='lat' dir='ltr'><strong>ea</strong></span> <span class='ocrx_word' id='word_1_133' title='bbox 730 1441 801 1476; x_wconf 81' lang='lat' dir='ltr'><strong>effe</strong></span> <span class='ocrx_word' id='word_1_134' title='bbox 845 1440 1039 1475; x_wconf 85' lang='lat' dir='ltr'><strong>sententia.</strong></span> <span class='ocrx_word' id='word_1_135' title='bbox 1086 1443 1137 1477; x_wconf 85' lang='lat' dir='ltr'><strong>Et</strong></span> <span class='ocrx_word' id='word_1_136' title='bbox 1165 1443 1250 1477; x_wconf 86' lang='lat' dir='ltr'><strong>sunt</strong></span> <span class='ocrx_word' id='word_1_137' title='bbox 1277 1443 1448 1479; x_wconf 78' lang='lat' dir='ltr'><strong>actiones</strong></span> 
     </span>
     <span class='ocr_line' id='line_1_18' title="bbox 103 1495 1448 1546; baseline 0.002 -14"><span class='ocrx_word' id='word_1_138' title='bbox 103 1496 243 1532; x_wconf 83' lang='lat' dir='ltr'><strong>tutelae</strong></span> <span class='ocrx_word' id='word_1_139' title='bbox 266 1495 365 1532; x_wconf 82' lang='lat' dir='ltr'><strong>male</strong></span> <span class='ocrx_word' id='word_1_140' title='bbox 385 1496 504 1546; x_wconf 78' lang='lat' dir='ltr'><strong>gestae</strong></span> <span class='ocrx_word' id='word_1_141' title='bbox 523 1496 626 1531; x_wconf 83' lang='lat' dir='ltr'><strong>inter</strong></span> <span class='ocrx_word' id='word_1_142' title='bbox 646 1496 923 1532; x_wconf 84' lang='lat' dir='ltr'><strong>controversias</strong></span> <span class='ocrx_word' id='word_1_143' title='bbox 945 1495 1192 1537; x_wconf 72' lang='lat' dir='ltr'><strong>scholasticas,</strong></span> <span class='ocrx_word' id='word_1_144' title='bbox 1221 1498 1332 1534; x_wconf 80' lang='lat' dir='ltr'><strong>velut</strong></span> <span class='ocrx_word' id='word_1_145' title='bbox 1352 1498 1448 1535; x_wconf 85' lang='lat' dir='ltr'><strong>decl.</strong></span> 
     </span>
     <span class='ocr_line' id='line_1_19' title="bbox 103 1550 1449 1602; baseline 0.002 -14"><span class='ocrx_word' id='word_1_146' title='bbox 103 1553 237 1600; x_wconf 83' lang='lat' dir='ltr'><strong>Quint.</strong></span> <span class='ocrx_word' id='word_1_147' title='bbox 262 1554 355 1598; x_wconf 78' lang='lat'><strong>546.</strong></span> <span class='ocrx_word' id='word_1_148' title='bbox 379 1559 472 1596; x_wconf 77' lang='lat'><strong>555.</strong></span> <span class='ocrx_word' id='word_1_149' title='bbox 502 1551 550 1588; x_wconf 78' lang='lat' dir='ltr'><strong>cf.</strong></span> <span class='ocrx_word' id='word_1_150' title='bbox 571 1561 608 1588; x_wconf 84' lang='lat' dir='ltr'><strong>et</strong></span> <span class='ocrx_word' id='word_1_151' title='bbox 626 1550 664 1594; x_wconf 89' lang='grc'><strong>6,</strong></span> <span class='ocrx_word' id='word_1_152' title='bbox 694 1563 731 1593; x_wconf 87' lang='lat'><strong>2,</strong></span> <span class='ocrx_word' id='word_1_153' title='bbox 767 1558 829 1595; x_wconf 73' lang='grc'><strong>14.</strong></span> <span class='ocrx_word' id='word_1_154' title='bbox 1059 1554 1218 1602; x_wconf 83' lang='lat' dir='ltr'><strong>pupillo.</strong></span> <span class='ocrx_word' id='word_1_155' title='bbox 1250 1555 1386 1591; x_wconf 84' lang='lat' dir='ltr'><strong>Ambr.</strong></span> <span class='ocrx_word' id='word_1_156' title='bbox 1412 1565 1449 1592; x_wconf 84' lang='lat'><strong>2.</strong></span> 
     </span>
     <span class='ocr_line' id='line_1_20' title="bbox 101 1609 1448 1658; baseline 0.004 -14"><span class='ocrx_word' id='word_1_157' title='bbox 101 1609 257 1658; x_wconf 85' lang='lat' dir='ltr'><strong>pupullo</strong></span> <span class='ocrx_word' id='word_1_158' title='bbox 287 1622 377 1646; x_wconf 87' lang='lat' dir='ltr'><strong>cum</strong></span> <span class='ocrx_word' id='word_1_159' title='bbox 395 1610 512 1644; x_wconf 86' lang='lat' dir='ltr'><strong>Bern.</strong></span> <span class='ocrx_word' id='word_1_160' title='bbox 743 1620 783 1646; x_wconf 82' lang='lat' dir='ltr'><strong>ut</strong></span> <span class='ocrx_word' id='word_1_161' title='bbox 813 1623 888 1645; x_wconf 79' lang='lat' dir='ltr'><strong>non</strong></span> <span class='ocrx_word' id='word_1_162' title='bbox 919 1620 1145 1647; x_wconf 76' lang='lat' dir='ltr'><strong>remaneant.</strong></span> <span class='ocrx_word' id='word_1_163' title='bbox 1178 1612 1310 1657; x_wconf 80' lang='lat' dir='ltr'><strong>Turio.</strong></span> <span class='ocrx_word' id='word_1_164' title='bbox 1342 1611 1448 1650; x_wconf 85' lang='lat' dir='ltr'><strong>Flor.</strong></span> 
     </span>
     <span class='ocr_line' id='line_1_21' title="bbox 102 1664 1445 1718; baseline 0.002 -18"><span class='ocrx_word' id='word_1_165' title='bbox 102 1679 177 1702; x_wconf 85' lang='lat' dir='ltr'><strong>non</strong></span> <span class='ocrx_word' id='word_1_166' title='bbox 207 1664 394 1702; x_wconf 85' lang='lat' dir='ltr'><strong>omittunt</strong></span> <span class='ocrx_word' id='word_1_167' title='bbox 424 1678 521 1705; x_wconf 67' lang='lat' dir='ltr'><strong>cum,</strong></span> <span class='ocrx_word' id='word_1_168' title='bbox 542 1665 645 1703; x_wconf 81' lang='lat' dir='ltr'><strong>Alm.</strong></span> <span class='ocrx_word' id='word_1_169' title='bbox 937 1678 1133 1715; x_wconf 80' lang='lat' dir='ltr'><strong>oporteret.</strong></span> <span class='ocrx_word' id='word_1_170' title='bbox 1175 1666 1277 1703; x_wconf 84' lang='lat' dir='ltr'><strong>Flor.</strong></span> <span class='ocrx_word' id='word_1_171' title='bbox 1310 1669 1445 1718; x_wconf 82' lang='lat' dir='ltr'><strong>Camp.</strong></span> 
     </span>
     <span class='ocr_line' id='line_1_22' title="bbox 103 1719 1447 1772; baseline 0.002 -14"><span class='ocrx_word' id='word_1_172' title='bbox 103 1730 288 1770; x_wconf 79' lang='lat' dir='ltr'><strong>opor-teat.</strong></span> <span class='ocrx_word' id='word_1_173' title='bbox 510 1719 607 1772; x_wconf 68' lang='lat' dir='ltr'><strong>ipso&#39;s</strong></span> <span class='ocrx_word' id='word_1_174' title='bbox 627 1723 740 1772; x_wconf 82' lang='lat' dir='ltr'><strong>loqui,</strong></span> <span class='ocrx_word' id='word_1_175' title='bbox 764 1723 927 1772; x_wconf 77' lang='lat' dir='ltr'><strong>quando.</strong></span> <span class='ocrx_word' id='word_1_176' title='bbox 959 1723 1092 1758; x_wconf 82' lang='lat' dir='ltr'><strong>Turio.</strong></span> <span class='ocrx_word' id='word_1_177' title='bbox 1117 1723 1220 1759; x_wconf 82' lang='lat' dir='ltr'><strong>Flor.</strong></span> <span class='ocrx_word' id='word_1_178' title='bbox 1251 1724 1384 1761; x_wconf 84' lang='lat' dir='ltr'><strong>Ambr.</strong></span> <span class='ocrx_word' id='word_1_179' title='bbox 1409 1736 1447 1761; x_wconf 88' lang='lat'><strong>2.</strong></span> 
     </span>
     <span class='ocr_line' id='line_1_23' title="bbox 104 1777 1447 1828; baseline 0.003 -14"><span class='ocrx_word' id='word_1_180' title='bbox 104 1777 232 1814; x_wconf 78' lang='lat' dir='ltr'><strong>Guelf.</strong></span> <span class='ocrx_word' id='word_1_181' title='bbox 272 1778 366 1813; x_wconf 86' lang='lat' dir='ltr'><strong>Exc.</strong></span> <span class='ocrx_word' id='word_1_182' title='bbox 406 1778 508 1812; x_wconf 85' lang='lat' dir='ltr'><strong>sant.</strong></span> <span class='ocrx_word' id='word_1_183' title='bbox 540 1779 650 1825; x_wconf 80' lang='lat' dir='ltr'><strong>(haee</strong></span> <span class='ocrx_word' id='word_1_184' title='bbox 681 1779 841 1828; x_wconf 85' lang='lat' dir='ltr'><strong>quidem</strong></span> <span class='ocrx_word' id='word_1_185' title='bbox 879 1781 994 1816; x_wconf 78' lang='lat' dir='ltr'><strong>etiam</strong></span> <span class='ocrx_word' id='word_1_186' title='bbox 1024 1792 1182 1828; x_wconf 88' lang='lat' dir='ltr'><strong>quoque</strong></span> <span class='ocrx_word' id='word_1_187' title='bbox 1215 1781 1447 1827; x_wconf 83' lang='lat' dir='ltr'><strong>desiderant)</strong></span> 
     </span>
     <span class='ocr_line' id='line_1_24' title="bbox 105 1833 1448 1882; baseline 0.002 -12"><span class='ocrx_word' id='word_1_188' title='bbox 105 1834 238 1882; x_wconf 81' lang='lat' dir='ltr'><strong>Camp.</strong></span> <span class='ocrx_word' id='word_1_189' title='bbox 272 1833 370 1871; x_wconf 86' lang='lat' dir='ltr'><strong>Jens.</strong></span> <span class='ocrx_word' id='word_1_190' title='bbox 411 1836 500 1878; x_wconf 80' lang='lat' dir='ltr'><strong>(tac.</strong></span> <span class='ocrx_word' id='word_1_191' title='bbox 522 1835 649 1880; x_wconf 82' lang='lat' dir='ltr'><strong>Gern.)</strong></span> <span class='ocrx_word' id='word_1_192' title='bbox 683 1835 871 1871; x_wconf 84' lang='lat' dir='ltr'><strong>omittunt</strong></span> <span class='ocrx_word' id='word_1_193' title='bbox 901 1835 1114 1871; x_wconf 81' lang='lat' dir='ltr'><strong>cum&#39;Alm.</strong></span> <span class='ocrx_word' id='word_1_194' title='bbox 1158 1837 1263 1874; x_wconf 78' lang='lat' dir='ltr'><strong>Voff.</strong></span> <span class='ocrx_word' id='word_1_195' title='bbox 1292 1850 1325 1872; x_wconf 82' lang='grc' dir='ltr'><strong>ι.</strong></span> <span class='ocrx_word' id='word_1_196' title='bbox 1348 1847 1385 1872; x_wconf 87' lang='lat'><strong>2.</strong></span> <span class='ocrx_word' id='word_1_197' title='bbox 1410 1847 1448 1882; x_wconf 76' lang='grc'><strong>5.</strong></span> 
     </span>
     <span class='ocr_line' id='line_1_25' title="bbox 103 1889 1450 1942; baseline 0.003 -16"><span class='ocrx_word' id='word_1_198' title='bbox 103 1899 143 1926; x_wconf 79' lang='lat' dir='ltr'><strong>et</strong></span> <span class='ocrx_word' id='word_1_199' title='bbox 171 1889 258 1925; x_wconf 82' lang='lat' dir='ltr'><strong>edd.</strong></span> <span class='ocrx_word' id='word_1_200' title='bbox 285 1899 368 1925; x_wconf 87' lang='lat' dir='ltr'><strong>ante</strong></span> <span class='ocrx_word' id='word_1_201' title='bbox 393 1892 515 1925; x_wconf 80' lang='lat' dir='ltr'><strong>Stoer.</strong></span> <span class='ocrx_word' id='word_1_202' title='bbox 545 1891 657 1927; x_wconf 87' lang='lat' dir='ltr'><strong>Unde</strong></span> <span class='ocrx_word' id='word_1_203' title='bbox 691 1891 865 1927; x_wconf 83' lang='lat' dir='ltr'><strong>sumserit</strong></span> <span class='ocrx_word' id='word_1_204' title='bbox 897 1891 976 1933; x_wconf 88' lang='lat' dir='ltr'><strong>hic,</strong></span> <span class='ocrx_word' id='word_1_205' title='bbox 1005 1905 1084 1927; x_wconf 86' lang='lat' dir='ltr'><strong>non</strong></span> <span class='ocrx_word' id='word_1_206' title='bbox 1118 1893 1294 1942; x_wconf 79' lang='lat' dir='ltr'><strong>reperi03</strong></span> <span class='ocrx_word' id='word_1_207' title='bbox 1322 1908 1450 1942; x_wconf 86' lang='lat' dir='ltr'><strong>neque</strong></span> 
     </span>
     <span class='ocr_line' id='line_1_26' title="bbox 102 1945 1451 1998; baseline 0.003 -16"><span class='ocrx_word' id='word_1_208' title='bbox 102 1957 232 1982; x_wconf 81' lang='lat' dir='ltr'><strong>tamen</strong></span> <span class='ocrx_word' id='word_1_209' title='bbox 257 1945 402 1982; x_wconf 72' lang='lat' dir='ltr'><strong>dubito</strong></span> <span class='ocrx_word' id='word_1_210' title='bbox 438 1947 534 1994; x_wconf 84' lang='lat' dir='ltr'><strong>quin</strong></span> <span class='ocrx_word' id='word_1_211' title='bbox 558 1960 660 1984; x_wconf 82' lang='lat' dir='ltr'><strong>vere.</strong></span> <span class='ocrx_word' id='word_1_212' title='bbox 719 1947 899 1996; x_wconf 83' lang='lat' dir='ltr'><strong>Suspicor</strong></span> <span class='ocrx_word' id='word_1_213' title='bbox 932 1948 1146 1997; x_wconf 86' lang='lat' dir='ltr'><strong>antiquitus</strong></span> <span class='ocrx_word' id='word_1_214' title='bbox 1177 1950 1451 1998; x_wconf 75' lang='lat' dir='ltr'><strong>transpositum</strong></span> 
     </span>
     <span class='ocr_line' id='line_1_27' title="bbox 102 2001 1451 2052; baseline 0.004 -14"><span class='ocrx_word' id='word_1_215' title='bbox 102 2001 233 2038; x_wconf 77' lang='lat' dir='ltr'><strong>Etiam</strong></span> <span class='ocrx_word' id='word_1_216' title='bbox 273 2002 446 2050; x_wconf 79' lang='lat' dir='ltr'><strong>quando,</strong></span> <span class='ocrx_word' id='word_1_217' title='bbox 503 2003 604 2039; x_wconf 88' lang='lat' dir='ltr'><strong>unde</strong></span> <span class='ocrx_word' id='word_1_218' title='bbox 639 2003 792 2040; x_wconf 81' lang='lat' dir='ltr'><strong>facilius</strong></span> <span class='ocrx_word' id='word_1_219' title='bbox 829 2003 1066 2052; x_wconf 82' lang='lat' dir='ltr'><strong>intelligitur</strong></span> <span class='ocrx_word' id='word_1_220' title='bbox 1101 2005 1451 2043; x_wconf 80' lang='lat' dir='ltr'><strong>homoeoteleuton</strong></span> 
     </span>
     <span class='ocr_line' id='line_1_28' title="bbox 105 2057 1449 2100; baseline 0.004 -6"><span class='ocrx_word' id='word_1_221' title='bbox 105 2058 342 2094; x_wconf 77' lang='lat' dir='ltr'><strong>occasionem</strong></span> <span class='ocrx_word' id='word_1_222' title='bbox 362 2057 504 2095; x_wconf 80' lang='lat' dir='ltr'><strong>faciens</strong></span> <span class='ocrx_word' id='word_1_223' title='bbox 524 2060 731 2097; x_wconf 81' lang='lat' dir='ltr'><strong>omiffioni.</strong></span> <span class='ocrx_word' id='word_1_224' title='bbox 925 2061 1063 2096; x_wconf 78' lang='lat' dir='ltr'><strong>deceat.</strong></span> <span class='ocrx_word' id='word_1_225' title='bbox 1096 2061 1158 2096; x_wconf 90' lang='lat' dir='ltr'><strong>Sic</strong></span> <span class='ocrx_word' id='word_1_226' title='bbox 1181 2061 1310 2097; x_wconf 75' lang='lat' dir='ltr'><strong>Tui-ic.</strong></span> <span class='ocrx_word' id='word_1_227' title='bbox 1343 2062 1449 2100; x_wconf 80' lang='lat' dir='ltr'><strong>Flor.</strong></span> 
     </span>
     <span class='ocr_line' id='line_1_29' title="bbox 105 2112 1449 2165; baseline 0.003 -15"><span class='ocrx_word' id='word_1_228' title='bbox 105 2115 241 2162; x_wconf 79' lang='lat' dir='ltr'><strong>Camp.</strong></span> <span class='ocrx_word' id='word_1_229' title='bbox 279 2112 440 2161; x_wconf 84' lang='lat' dir='ltr'><strong>Reliqui</strong></span> <span class='ocrx_word' id='word_1_230' title='bbox 481 2115 631 2153; x_wconf 68' lang='lat' dir='ltr'><strong>deceret.</strong></span> <span class='ocrx_word' id='word_1_231' title='bbox 669 2119 839 2165; x_wconf 78' lang='lat' dir='ltr'><strong>Apparet</strong></span> <span class='ocrx_word' id='word_1_232' title='bbox 860 2117 1003 2151; x_wconf 84' lang='lat' dir='ltr'><strong>summa</strong></span> <span class='ocrx_word' id='word_1_233' title='bbox 1036 2118 1168 2153; x_wconf 77' lang='lat' dir='ltr'><strong>Tui-ic.</strong></span> <span class='ocrx_word' id='word_1_234' title='bbox 1210 2118 1449 2165; x_wconf 79' lang='lat' dir='ltr'><strong>praestantia,</strong></span> 
     </span>
     <span class='ocr_line' id='line_1_30' title="bbox 107 2169 1450 2222; baseline 0.004 -18"><span class='ocrx_word' id='word_1_235' title='bbox 107 2169 176 2218; x_wconf 85' lang='lat' dir='ltr'><strong>qui</strong></span> <span class='ocrx_word' id='word_1_236' title='bbox 203 2169 461 2222; x_wconf 82' lang='lat' dir='ltr'><strong>hic·quidem</strong></span> <span class='ocrx_word' id='word_1_237' title='bbox 493 2184 581 2206; x_wconf 85' lang='lat' dir='ltr'><strong>cum</strong></span> <span class='ocrx_word' id='word_1_238' title='bbox 612 2171 715 2208; x_wconf 84' lang='lat' dir='ltr'><strong>Flor.</strong></span> <span class='ocrx_word' id='word_1_239' title='bbox 757 2172 961 2212; x_wconf 83' lang='lat' dir='ltr'><strong>consentit,</strong></span> <span class='ocrx_word' id='word_1_240' title='bbox 1000 2173 1107 2222; x_wconf 85' lang='lat' dir='ltr'><strong>supra</strong></span> <span class='ocrx_word' id='word_1_241' title='bbox 1139 2173 1181 2208; x_wconf 91' lang='lat' dir='ltr'><strong>in</strong></span> <span class='ocrx_word' id='word_1_242' title='bbox 1215 2183 1335 2222; x_wconf 78' lang='lat' dir='ltr'><strong>oport.</strong></span> <span class='ocrx_word' id='word_1_243' title='bbox 1367 2188 1450 2210; x_wconf 84' lang='lat' dir='ltr'><strong>non</strong></span> 
     </span>
     <span class='ocr_line' id='line_1_31' title="bbox 104 2223 1449 2278; baseline 0.004 -16"><span class='ocrx_word' id='word_1_244' title='bbox 104 2226 213 2266; x_wconf 86' lang='lat' dir='ltr'><strong>item,</strong></span> <span class='ocrx_word' id='word_1_245' title='bbox 242 2223 354 2273; x_wconf 84' lang='lat' dir='ltr'><strong>plane</strong></span> <span class='ocrx_word' id='word_1_246' title='bbox 375 2227 423 2262; x_wconf 80' lang='lat' dir='ltr'><strong>ad</strong></span> <span class='ocrx_word' id='word_1_247' title='bbox 443 2227 734 2263; x_wconf 76' lang='lat' dir='ltr'><strong>Ciceronianam</strong></span> <span class='ocrx_word' id='word_1_248' title='bbox 754 2229 1070 2265; x_wconf 81' lang='lat' dir='ltr'><strong>convenientium</strong></span> <span class='ocrx_word' id='word_1_249' title='bbox 1105 2239 1326 2278; x_wconf 82' lang='lat' dir='ltr'><strong>temporum</strong></span> <span class='ocrx_word' id='word_1_250' title='bbox 1348 2231 1449 2268; x_wconf 83' lang='lat' dir='ltr'><strong>seve·</strong></span> 
     </span>
     <span class='ocr_line' id='line_1_32' title="bbox 103 2280 845 2328; baseline 0 -10"><span class='ocrx_word' id='word_1_251' title='bbox 103 2282 271 2318; x_wconf 78' lang='lat' dir='ltr'><strong>ritatem.</strong></span> <span class='ocrx_word' id='word_1_252' title='bbox 302 2280 350 2315; x_wconf 81' lang='lat' dir='ltr'><strong>cf.</strong></span> <span class='ocrx_word' id='word_1_253' title='bbox 371 2283 405 2327; x_wconf 52' lang='grc' dir='ltr'><strong>ᾗ.</strong></span> <span class='ocrx_word' id='word_1_254' title='bbox 430 2283 493 2326; x_wconf 84' lang='grc'><strong>56.</strong></span> <span class='ocrx_word' id='word_1_255' title='bbox 523 2283 617 2318; x_wconf 88' lang='lat' dir='ltr'><strong>item</strong></span> <span class='ocrx_word' id='word_1_256' title='bbox 641 2290 677 2328; x_wconf 83' lang='lat' dir='ltr'><strong>g,</strong></span> <span class='ocrx_word' id='word_1_257' title='bbox 711 2283 747 2324; x_wconf 85' lang='lat'><strong>6,</strong></span> <span class='ocrx_word' id='word_1_258' title='bbox 780 2283 845 2327; x_wconf 83' lang='lat'><strong>67.</strong></span> 
     </span>
     <span class='ocr_line' id='line_1_33' title="bbox 195 2334 1310 2391; baseline 0.004 -17"><span class='ocrx_word' id='word_1_259' title='bbox 195 2338 260 2375; x_wconf 84' lang='grc'><strong>60.</strong></span> <span class='ocrx_word' id='word_1_260' title='bbox 291 2334 382 2386; x_wconf 78' lang='lat' dir='ltr'><strong>Effe</strong></span> <span class='ocrx_word' id='word_1_261' title='bbox 401 2341 452 2378; x_wconf 83' lang='lat' dir='ltr'><strong>in.</strong></span> <span class='ocrx_word' id='word_1_262' title='bbox 491 2339 554 2375; x_wconf 80' lang='lat' dir='ltr'><strong>Sic</strong></span> <span class='ocrx_word' id='word_1_263' title='bbox 576 2340 709 2376; x_wconf 86' lang='lat' dir='ltr'><strong>Turic.</strong></span> <span class='ocrx_word' id='word_1_264' title='bbox 738 2339 842 2376; x_wconf 72' lang='lat' dir='ltr'><strong>flor.</strong></span> <span class='ocrx_word' id='word_1_265' title='bbox 872 2339 1034 2391; x_wconf 80' lang='lat' dir='ltr'><strong>Reliqui</strong></span> <span class='ocrx_word' id='word_1_266' title='bbox 1062 2340 1234 2378; x_wconf 75' lang='lat' dir='ltr'><strong>inserunt</strong></span> <span class='ocrx_word' id='word_1_267' title='bbox 1262 2350 1310 2379; x_wconf 79' lang='lat' dir='ltr'><strong>et.</strong></span> 
     </span>
    </p>
   </div>
   <div class='ocr_carea' id='block_1_4' title="bbox 103 2484 1446 2594">
    <p class='ocr_par' dir='ltr' id='par_1_4' title="bbox 103 2484 1446 2594">
     <span class='ocr_line' id='line_1_34' title="bbox 161 2484 1446 2543; baseline 0.005 -22"><span class='ocrx_word' id='word_1_268' title='bbox 161 2487 201 2521; x_wconf 80' lang='grc' dir='ltr'><strong>ἱη</strong></span> <span class='ocrx_word' id='word_1_269' title='bbox 268 2484 364 2521; x_wconf 82' lang='lat' dir='ltr'><strong>libro</strong></span> <span class='ocrx_word' id='word_1_270' title='bbox 400 2507 458 2515; x_wconf 89' lang='lat'><strong>—-</strong></span> <span class='ocrx_word' id='word_1_271' title='bbox 487 2485 650 2536; x_wconf 77' lang='lat' dir='ltr'><strong>septimo</strong></span> <span class='ocrx_word' id='word_1_272' title='bbox 687 2506 746 2517; x_wconf 85' lang='lat'><strong>——</strong></span> <span class='ocrx_word' id='word_1_273' title='bbox 801 2493 838 2534; x_wconf 74' lang='grc'><strong>4,</strong></span> <span class='ocrx_word' id='word_1_274' title='bbox 865 2501 898 2528; x_wconf 80' lang='grc' dir='ltr'><strong>ι,</strong></span> <span class='ocrx_word' id='word_1_275' title='bbox 924 2493 985 2532; x_wconf 76' lang='grc'><strong>45.</strong></span> <span class='ocrx_word' id='word_1_276' title='bbox 1011 2487 1073 2532; x_wconf 81' lang='grc'><strong>46.</strong></span> <span class='ocrx_word' id='word_1_277' title='bbox 1109 2491 1170 2526; x_wconf 88' lang='lat' dir='ltr'><strong>De</strong></span> <span class='ocrx_word' id='word_1_278' title='bbox 1186 2490 1265 2527; x_wconf 73' lang='lat' dir='ltr'><strong>istis</strong></span> <span class='ocrx_word' id='word_1_279' title='bbox 1287 2492 1446 2543; x_wconf 69' lang='lat' dir='ltr'><strong>Quando</strong></span> 
     </span>
     <span class='ocr_line' id='line_1_35' title="bbox 103 2543 1444 2594; baseline 0.006 -17"><span class='ocrx_word' id='word_1_280' title='bbox 103 2552 266 2594; x_wconf 73' lang='lat' dir='ltr'><strong>quartus.</strong></span> <span class='ocrx_word' id='word_1_281' title='bbox 299 2551 346 2584; x_wconf 94' lang='lat'><strong>7,</strong></span> <span class='ocrx_word' id='word_1_282' title='bbox 380 2553 425 2588; x_wconf 75' lang='grc'><strong>4,</strong></span> <span class='ocrx_word' id='word_1_283' title='bbox 459 2551 509 2588; x_wconf 77' lang='lat'><strong>24</strong></span> <span class='ocrx_word' id='word_1_284' title='bbox 542 2545 642 2593; x_wconf 86' lang='lat' dir='ltr'><strong>seqq.</strong></span> <span class='ocrx_word' id='word_1_285' title='bbox 676 2546 747 2582; x_wconf 86' lang='lat' dir='ltr'><strong>ubi</strong></span> <span class='ocrx_word' id='word_1_286' title='bbox 803 2547 912 2579; x_wconf 80' lang='lat' dir='ltr'><strong>etiam</strong></span> <span class='ocrx_word' id='word_1_287' title='bbox 936 2543 1035 2593; x_wconf 81' lang='lat' dir='ltr'><strong>ipsos</strong></span> <span class='ocrx_word' id='word_1_288' title='bbox 1060 2545 1162 2594; x_wconf 83' lang='lat' dir='ltr'><strong>loqui</strong></span> <span class='ocrx_word' id='word_1_289' title='bbox 1188 2546 1233 2581; x_wconf 83' lang='lat' dir='ltr'><strong>cf.</strong></span> <span class='ocrx_word' id='word_1_290' title='bbox 1255 2559 1336 2591; x_wconf 84' lang='lat' dir='ltr'><strong>not.</strong></span> <span class='ocrx_word' id='word_1_291' title='bbox 1358 2550 1444 2585; x_wconf 81' lang='lat' dir='ltr'><strong>crit.</strong></span> 
     </span>
    </p>
   </div>
   <div class='ocr_carea' id='block_1_5' title="bbox 36 2598 1449 2654">
    <p class='ocr_par' dir='ltr' id='par_1_5' title="bbox 36 2598 1449 2654">
     <span class='ocr_line' id='line_1_36' title="bbox 36 2598 1449 2654; baseline 0.006 -20"><span class='ocrx_word' id='word_1_292' title='bbox 36 2604 40 2608; x_wconf 84' lang='lat'>&#39;</span> <span class='ocrx_word' id='word_1_293' title='bbox 98 2598 209 2647; x_wconf 13' lang='lat' dir='ltr'><strong>&#39;quod</strong></span> <span class='ocrx_word' id='word_1_294' title='bbox 247 2598 313 2633; x_wconf 83' lang='lat' dir='ltr'><strong>hic</strong></span> <span class='ocrx_word' id='word_1_295' title='bbox 353 2611 558 2647; x_wconf 82' lang='lat' dir='ltr'><strong>querentem</strong></span> <span class='ocrx_word' id='word_1_296' title='bbox 598 2615 748 2637; x_wconf 81' lang='lat' dir='ltr'><strong>uxorem</strong></span> <span class='ocrx_word' id='word_1_297' title='bbox 803 2601 904 2636; x_wconf 82' lang='lat' dir='ltr'><strong>Mox</strong></span> <span class='ocrx_word' id='word_1_298' title='bbox 950 2602 1011 2647; x_wconf 82' lang='lat'><strong>(§.</strong></span> <span class='ocrx_word' id='word_1_299' title='bbox 1043 2601 1134 2646; x_wconf 84' lang='lat'><strong>60.)</strong></span> <span class='ocrx_word' id='word_1_300' title='bbox 1176 2602 1222 2638; x_wconf 87' lang='lat' dir='ltr'><strong>de</strong></span> <span class='ocrx_word' id='word_1_301' title='bbox 1256 2614 1302 2639; x_wconf 86' lang='lat' dir='ltr'><strong>eo</strong></span> <span class='ocrx_word' id='word_1_302' title='bbox 1341 2606 1449 2654; x_wconf 82' lang='lat' dir='ltr'><strong>quod</strong></span> 
     </span>
    </p>
   </div>
   <div class='ocr_carea' id='block_1_6' title="bbox 67 2653 1447 2768">
    <p class='ocr_par' dir='ltr' id='par_1_6' title="bbox 67 2653 1447 2768">
     <span class='ocr_line' id='line_1_37' title="bbox 104 2653 1447 2707; baseline 0.007 -18"><span class='ocrx_word' id='word_1_303' title='bbox 104 2653 149 2689; x_wconf 75' lang='lat' dir='ltr'><strong>id</strong></span> <span class='ocrx_word' id='word_1_304' title='bbox 201 2653 270 2690; x_wconf 77' lang='lat' dir='ltr'><strong>effe</strong></span> <span class='ocrx_word' id='word_1_305' title='bbox 333 2658 454 2694; x_wconf 78' lang='lat' dir='ltr'><strong>malae</strong></span> <span class='ocrx_word' id='word_1_306' title='bbox 513 2660 748 2694; x_wconf 80' lang='lat' dir='ltr'><strong>tractationis</strong></span> <span class='ocrx_word' id='word_1_307' title='bbox 804 2657 935 2693; x_wconf 80' lang='lat' dir='ltr'><strong>deceat</strong></span> <span class='ocrx_word' id='word_1_308' title='bbox 970 2658 1012 2692; x_wconf 85' lang='lat' dir='ltr'><strong>in</strong></span> <span class='ocrx_word' id='word_1_309' title='bbox 1043 2659 1193 2700; x_wconf 75' lang='lat' dir='ltr'><strong>verbis,</strong></span> <span class='ocrx_word' id='word_1_310' title='bbox 1234 2660 1285 2696; x_wconf 83' lang='lat' dir='ltr'><strong>est</strong></span> <span class='ocrx_word' id='word_1_311' title='bbox 1312 2668 1361 2707; x_wconf 74' lang='grc' dir='ltr'><strong>ὃ.</strong></span> <span class='ocrx_word' id='word_1_312' title='bbox 1410 2671 1447 2707; x_wconf 77' lang='lat'><strong>5,</strong></span> 
     </span>
     <span class='ocr_line' id='line_1_38' title="bbox 67 2711 998 2768; baseline 0.018 -24"><span class='ocrx_word' id='word_1_313' title='bbox 67 2711 294 2768; x_wconf 23' lang='lat' dir='ltr'><strong>sectionem,</strong></span> <span class='ocrx_word' id='word_1_314' title='bbox 316 2724 418 2751; x_wconf 80' lang='lat' dir='ltr'><strong>recte</strong></span> <span class='ocrx_word' id='word_1_315' title='bbox 437 2724 572 2752; x_wconf 79' lang='lat' dir='ltr'><strong>monet</strong></span> <span class='ocrx_word' id='word_1_316' title='bbox 585 2715 746 2767; x_wconf 75' lang='lat' dir='ltr'><strong>capper·</strong></span> <span class='ocrx_word' id='word_1_317' title='bbox 808 2720 922 2759; x_wconf 73' lang='lat'>²5·-</span> <span class='ocrx_word' id='word_1_318' title='bbox 936 2720 998 2759; x_wconf 80' lang='lat'><strong>40·</strong></span> 
     </span>
    </p>
   </div>
  </div>
 </body>
</html>
