<?xml version="1.0" encoding="UTF-8"?>
<!DOCTYPE html PUBLIC "-//W3C//DTD XHTML 1.0 Transitional//EN"
    "http://www.w3.org/TR/xhtml1/DTD/xhtml1-transitional.dtd">
<html xmlns="http://www.w3.org/1999/xhtml" xml:lang="en" lang="en">
 <head>
  <title>
</title>
<meta http-equiv="Content-Type" content="text/html;charset=utf-8" />
  <meta name='ocr-system' content='tesseract 3.04.00' />
  <meta name='ocr-capabilities' content='ocr_page ocr_carea ocr_par ocr_line ocrx_word'/>
</head>
<body>
  <div class='ocr_page' id='page_1' title='image "./lexiconquintilia04bonnuoft_0105.png"; bbox 0 0 1676 3028; ppageno 0'>
   <div class='ocr_carea' id='block_1_1' title="bbox 288 164 1412 233">
    <p class='ocr_par' dir='ltr' id='par_1_1' title="bbox 288 164 1412 233">
     <span class='ocr_line' id='line_1_1' title="bbox 288 164 1412 233; baseline -0.002 -20"><span class='ocrx_word' id='word_1_1' title='bbox 288 169 451 213; x_wconf 83' lang='lat' dir='ltr'><strong>lNST.</strong></span> <span class='ocrx_word' id='word_1_2' title='bbox 498 165 777 233; x_wconf 67' lang='lat' dir='ltr'>ORATOR?</span> <span class='ocrx_word' id='word_1_3' title='bbox 827 165 967 219; x_wconf 49' lang='grc' dir='ltr'>Ι,ΙΒ.,,7</span> <span class='ocrx_word' id='word_1_4' title='bbox 997 164 1089 220; x_wconf 54' lang='lat' dir='ltr'>X„</span> <span class='ocrx_word' id='word_1_5' title='bbox 1115 176 1158 212; x_wconf 80' lang='grc' dir='ltr'>ι.</span> <span class='ocrx_word' id='word_1_6' title='bbox 1351 173 1412 227; x_wconf 83' lang='lat'>75</span> 
     </span>
    </p>
   </div>
   <div class='ocr_carea' id='block_1_2' title="bbox 10 285 1496 827">
    <p class='ocr_par' dir='ltr' id='par_1_2' title="bbox 31 285 1496 666">
     <span class='ocr_line' id='line_1_2' title="bbox 31 285 1417 358; baseline -0.006 -10"><span class='ocrx_word' id='word_1_7' title='bbox 31 285 119 348; x_wconf 69' lang='lat' dir='ltr'>&#39;ct</span> <span class='ocrx_word' id='word_1_8' title='bbox 143 295 464 352; x_wconf 80' lang='lat' dir='ltr'>concitatus,</span> <span class='ocrx_word' id='word_1_9' title='bbox 502 303 553 342; x_wconf 87' lang='lat' dir='ltr'>et</span> <span class='ocrx_word' id='word_1_10' title='bbox 576 292 842 358; x_wconf 69' lang='lat' dir='ltr'><strong>sententiis</strong></span> <span class='ocrx_word' id='word_1_11' title='bbox 869 289 1193 355; x_wconf 82' lang='lat' dir='ltr'>clariffimus,</span> <span class='ocrx_word' id='word_1_12' title='bbox 1235 301 1313 350; x_wconf 79' lang='lat' dir='ltr'>et,</span> <span class='ocrx_word' id='word_1_13' title='bbox 1353 301 1417 341; x_wconf 88' lang='lat' dir='ltr'>ut</span> 
     </span>
     <span class='ocr_line' id='line_1_3' title="bbox 67 369 1417 438; baseline -0.004 -14"><span class='ocrx_word' id='word_1_14' title='bbox 67 374 241 424; x_wconf 80' lang='lat' dir='ltr'>dicam</span> <span class='ocrx_word' id='word_1_15' title='bbox 285 372 434 438; x_wconf 83' lang='lat' dir='ltr'>quod</span> <span class='ocrx_word' id='word_1_16' title='bbox 463 370 658 428; x_wconf 82' lang='lat' dir='ltr'>sentio,</span> <span class='ocrx_word' id='word_1_17' title='bbox 719 371 884 436; x_wconf 85' lang='lat' dir='ltr'>magis</span> <span class='ocrx_word' id='word_1_18' title='bbox 917 369 1217 419; x_wconf 87' lang='lat' dir='ltr'>oratoribus</span> <span class='ocrx_word' id='word_1_19' title='bbox 1253 386 1417 434; x_wconf 88' lang='lat' dir='ltr'>quam</span> 
     </span>
     <span class='ocr_line' id='line_1_4' title="bbox 65 448 1496 520; baseline -0.006 -19"><span class='ocrx_word' id='word_1_20' title='bbox 65 451 238 520; x_wconf 56' lang='lat' dir='ltr'>pectis</span> <span class='ocrx_word' id='word_1_21' title='bbox 271 448 733 498; x_wconf 75' lang='lat' dir='ltr'>-annumermxdus,</span> <span class='ocrx_word' id='word_1_22' title='bbox 835 450 946 507; x_wconf 86' lang='lat' dir='ltr'>Hos</span> <span class='ocrx_word' id='word_1_23' title='bbox 994 448 1414 503; x_wconf 86' lang='lat' dir='ltr'>nominavimus,</span> <span class='ocrx_word' id='word_1_24' title='bbox 1437 456 1496 505; x_wconf 79' lang='lat'>91&#39;</span> 
     </span>
     <span class='ocr_line' id='line_1_5' title="bbox 68 521 1416 594; baseline -0.003 -18"><span class='ocrx_word' id='word_1_25' title='bbox 68 527 194 594; x_wconf 83' lang='lat' dir='ltr'>quia</span> <span class='ocrx_word' id='word_1_26' title='bbox 257 526 630 575; x_wconf 83' lang='lat' dir='ltr'>Germanicum</span> <span class='ocrx_word' id='word_1_27' title='bbox 693 522 990 589; x_wconf 88' lang='lat' dir='ltr'>Augustum</span> <span class='ocrx_word' id='word_1_28' title='bbox 1039 523 1103 571; x_wconf 85' lang='lat' dir='ltr'>ab</span> <span class='ocrx_word' id='word_1_29' title='bbox 1162 521 1416 572; x_wconf 83' lang='lat' dir='ltr'>institutis</span> 
     </span>
     <span class='ocr_line' id='line_1_6' title="bbox 66 599 1416 666; baseline -0.003 -13"><span class='ocrx_word' id='word_1_30' title='bbox 66 601 255 654; x_wconf 86' lang='lat' dir='ltr'>studiis</span> <span class='ocrx_word' id='word_1_31' title='bbox 280 600 493 652; x_wconf 84' lang='lat' dir='ltr'>deflexit</span> <span class='ocrx_word' id='word_1_32' title='bbox 519 619 643 651; x_wconf 83' lang='lat' dir='ltr'>cura</span> <span class='ocrx_word' id='word_1_33' title='bbox 665 611 920 650; x_wconf 84' lang='lat' dir='ltr'>terrarum</span> <span class='ocrx_word' id='word_1_34' title='bbox 935 637 950 659; x_wconf 88' lang='lat'>,</span> <span class='ocrx_word' id='word_1_35' title='bbox 991 616 1289 666; x_wconf 86' lang='lat' dir='ltr'>parumque</span> <span class='ocrx_word' id='word_1_36' title='bbox 1311 599 1416 649; x_wconf 82' lang='lat' dir='ltr'>diis</span> 
     </span>
    </p>

    <p class='ocr_par' dir='ltr' id='par_1_3' title="bbox 10 676 1420 827">
     <span class='ocr_line' id='line_1_7' title="bbox 10 676 1416 744; baseline -0.001 -17"><span class='ocrx_word' id='word_1_37' title='bbox 10 679 244 736; x_wconf 76' lang='lat' dir='ltr'>eavisum</span> <span class='ocrx_word' id='word_1_38' title='bbox 295 678 404 737; x_wconf 83' lang='lat' dir='ltr'><strong>est,</strong></span> <span class='ocrx_word' id='word_1_39' title='bbox 459 676 556 727; x_wconf 82' lang='lat' dir='ltr'>effe</span> <span class='ocrx_word' id='word_1_40' title='bbox 602 695 727 728; x_wconf 87' lang='lat' dir='ltr'>eum</span> <span class='ocrx_word' id='word_1_41' title='bbox 775 679 1067 727; x_wconf 85' lang='lat' dir='ltr'>maximum</span> <span class='ocrx_word' id='word_1_42' title='bbox 1122 681 1416 744; x_wconf 58' lang='lat' dir='ltr'>poctarum.</span> 
     </span>
     <span class='ocr_line' id='line_1_8' title="bbox 69 754 1420 827; baseline -0.004 -20"><span class='ocrx_word' id='word_1_43' title='bbox 69 755 214 827; x_wconf 77' lang='lat' dir='ltr'>Quid</span> <span class='ocrx_word' id='word_1_44' title='bbox 245 766 420 805; x_wconf 85' lang='lat' dir='ltr'>tamen</span> <span class='ocrx_word' id='word_1_45' title='bbox 453 755 536 805; x_wconf 86' lang='lat' dir='ltr'>his</span> <span class='ocrx_word' id='word_1_46' title='bbox 569 754 690 822; x_wconf 87' lang='lat' dir='ltr'>ipfis</span> <span class='ocrx_word' id='word_1_47' title='bbox 721 758 836 820; x_wconf 73' lang='lat' dir='ltr'>eius</span> <span class='ocrx_word' id='word_1_48' title='bbox 870 755 1146 822; x_wconf 79' lang='lat' dir='ltr'>operibus,</span> <span class='ocrx_word' id='word_1_49' title='bbox 1185 756 1243 803; x_wconf 88' lang='lat' dir='ltr'>in</span> <span class='ocrx_word' id='word_1_50' title='bbox 1267 771 1420 820; x_wconf 81' lang='lat' dir='ltr'>quae,</span> 
     </span>
    </p>
   </div>
   <div class='ocr_carea' id='block_1_3' title="bbox 69 906 1432 1859">
    <p class='ocr_par' dir='ltr' id='par_1_4' title="bbox 69 906 1432 1859">
     <span class='ocr_line' id='line_1_9' title="bbox 69 906 1420 960; baseline -0.001 -14"><span class='ocrx_word' id='word_1_51' title='bbox 69 909 192 960; x_wconf 64' lang='lat' dir='ltr'>Epiffi</span> <span class='ocrx_word' id='word_1_52' title='bbox 219 909 266 944; x_wconf 78' lang='lat' dir='ltr'>ad</span> <span class='ocrx_word' id='word_1_53' title='bbox 292 907 441 958; x_wconf 79' lang='lat' dir='ltr'><strong>Tryph.</strong></span> <span class='ocrx_word' id='word_1_54' title='bbox 476 920 512 946; x_wconf 78' lang='grc' dir='ltr'>ι.</span> <span class='ocrx_word' id='word_1_55' title='bbox 541 921 614 958; x_wconf 86' lang='lat' dir='ltr'>pro</span> <span class='ocrx_word' id='word_1_56' title='bbox 644 906 856 958; x_wconf 69' lang='lat' dir='ltr'>maturuzſj&#39;e</span> <span class='ocrx_word' id='word_1_57' title='bbox 884 906 989 943; x_wconf 82' lang='lat' dir='ltr'>Flor.</span> <span class='ocrx_word' id='word_1_58' title='bbox 1022 911 1071 953; x_wconf 81' lang='lat' dir='ltr'>(a</span> <span class='ocrx_word' id='word_1_59' title='bbox 1095 922 1154 957; x_wconf 82' lang='lat' dir='ltr'>pr.</span> <span class='ocrx_word' id='word_1_60' title='bbox 1176 909 1257 951; x_wconf 86' lang='lat' dir='ltr'>m.)</span> <span class='ocrx_word' id='word_1_61' title='bbox 1289 906 1420 944; x_wconf 77' lang='lat' dir='ltr'>Guelf-</span> 
     </span>
     <span class='ocr_line' id='line_1_10' title="bbox 70 963 1422 1013; baseline -0.003 -11"><span class='ocrx_word' id='word_1_62' title='bbox 70 966 171 1005; x_wconf 81' lang='lat' dir='ltr'><strong>Jens.</strong></span> <span class='ocrx_word' id='word_1_63' title='bbox 190 968 208 1011; x_wconf 84' lang='lat'><strong>(</strong></span> <span class='ocrx_word' id='word_1_64' title='bbox 220 975 289 1002; x_wconf 81' lang='lat' dir='ltr'>tac.</span> <span class='ocrx_word' id='word_1_65' title='bbox 310 965 451 1013; x_wconf 81' lang='lat' dir='ltr'><strong>Gesn.)</strong></span> <span class='ocrx_word' id='word_1_66' title='bbox 479 966 594 1000; x_wconf 79' lang='lat' dir='ltr'><strong>Tarv.</strong></span> <span class='ocrx_word' id='word_1_67' title='bbox 615 964 703 1000; x_wconf 83' lang='lat' dir='ltr'>Ald.</span> <span class='ocrx_word' id='word_1_68' title='bbox 725 963 972 1013; x_wconf 63' lang='lat' dir='ltr'>maturaviffe.</span> <span class='ocrx_word' id='word_1_69' title='bbox 1113 964 1422 999; x_wconf 74' lang='lat' dir='ltr'>annumerandus.</span> 
     </span>
     <span class='ocr_line' id='line_1_11' title="bbox 71 1019 1420 1062; baseline -0.001 -4"><span class='ocrx_word' id='word_1_70' title='bbox 71 1021 205 1058; x_wconf 78' lang='lat' dir='ltr'>Turio.</span> <span class='ocrx_word' id='word_1_71' title='bbox 235 1021 441 1062; x_wconf 69' lang='lat' dir='ltr'>mimmius,</span> <span class='ocrx_word' id='word_1_72' title='bbox 487 1035 508 1056; x_wconf 84' lang='lat' dir='ltr'><strong>a</strong></span> <span class='ocrx_word' id='word_1_73' title='bbox 538 1022 605 1057; x_wconf 81' lang='lat' dir='ltr'>sec.</span> <span class='ocrx_word' id='word_1_74' title='bbox 639 1034 690 1057; x_wconf 90' lang='lat' dir='ltr'>m.</span> <span class='ocrx_word' id='word_1_75' title='bbox 745 1021 966 1061; x_wconf 73' lang='lat' dir='ltr'>imitandus,</span> <span class='ocrx_word' id='word_1_76' title='bbox 1009 1031 1047 1056; x_wconf 88' lang='lat' dir='ltr'>et</span> <span class='ocrx_word' id='word_1_77' title='bbox 1075 1022 1123 1055; x_wconf 86' lang='lat' dir='ltr'>fic</span> <span class='ocrx_word' id='word_1_78' title='bbox 1153 1020 1256 1055; x_wconf 82' lang='lat' dir='ltr'>Flor.</span> <span class='ocrx_word' id='word_1_79' title='bbox 1290 1019 1420 1057; x_wconf 76' lang='lat' dir='ltr'>Guelf-</span> 
     </span>
     <span class='ocr_line' id='line_1_12' title="bbox 72 1075 1420 1126; baseline -0.001 -12"><span class='ocrx_word' id='word_1_80' title='bbox 72 1076 190 1114; x_wconf 85' lang='lat' dir='ltr'>Goth.</span> <span class='ocrx_word' id='word_1_81' title='bbox 213 1079 310 1122; x_wconf 87' lang='lat' dir='ltr'>(tac.</span> <span class='ocrx_word' id='word_1_82' title='bbox 333 1078 472 1122; x_wconf 82' lang='lat' dir='ltr'><strong>Gesn.)</strong></span> <span class='ocrx_word' id='word_1_83' title='bbox 502 1079 634 1126; x_wconf 83' lang='lat' dir='ltr'>Camp.</span> <span class='ocrx_word' id='word_1_84' title='bbox 658 1090 747 1114; x_wconf 89' lang='lat' dir='ltr'>cum</span> <span class='ocrx_word' id='word_1_85' title='bbox 769 1075 873 1112; x_wconf 81' lang='lat' dir='ltr'>Alm.</span> <span class='ocrx_word' id='word_1_86' title='bbox 894 1076 1009 1112; x_wconf 79' lang='lat' dir='ltr'>Bodl,</span> <span class='ocrx_word' id='word_1_87' title='bbox 1031 1076 1112 1112; x_wconf 84' lang='lat' dir='ltr'>Bal.</span> <span class='ocrx_word' id='word_1_88' title='bbox 1133 1077 1239 1113; x_wconf 80' lang='lat' dir='ltr'>Voff.</span> <span class='ocrx_word' id='word_1_89' title='bbox 1268 1091 1301 1111; x_wconf 82' lang='grc' dir='ltr'>ι.</span> <span class='ocrx_word' id='word_1_90' title='bbox 1326 1087 1359 1111; x_wconf 86' lang='lat'>2.</span> <span class='ocrx_word' id='word_1_91' title='bbox 1381 1085 1420 1118; x_wconf 75' lang='lat'>3·</span> 
     </span>
     <span class='ocr_line' id='line_1_13' title="bbox 70 1131 1421 1184; baseline -0.001 -14"><span class='ocrx_word' id='word_1_92' title='bbox 70 1131 173 1170; x_wconf 77' lang='lat' dir='ltr'>Vall.</span> <span class='ocrx_word' id='word_1_93' title='bbox 204 1133 295 1170; x_wconf 73' lang='lat' dir='ltr'><strong>Bad.</strong></span> <span class='ocrx_word' id='word_1_94' title='bbox 324 1133 433 1171; x_wconf 83' lang='lat' dir='ltr'>Bafil.</span> <span class='ocrx_word' id='word_1_95' title='bbox 462 1135 612 1182; x_wconf 86' lang='lat' dir='ltr'><strong>Gryph.</strong></span> <span class='ocrx_word' id='word_1_96' title='bbox 634 1148 755 1184; x_wconf 76' lang='lat' dir='ltr'>marg.</span> <span class='ocrx_word' id='word_1_97' title='bbox 778 1133 874 1169; x_wconf 85' lang='lat' dir='ltr'>item</span> <span class='ocrx_word' id='word_1_98' title='bbox 894 1134 999 1170; x_wconf 71' lang='lat' dir='ltr'>Vasa.</span> <span class='ocrx_word' id='word_1_99' title='bbox 1021 1146 1143 1182; x_wconf 76' lang='lat' dir='ltr'>marg.</span> <span class='ocrx_word' id='word_1_100' title='bbox 1167 1132 1299 1181; x_wconf 87' lang='lat' dir='ltr'><strong>Steph.</strong></span> <span class='ocrx_word' id='word_1_101' title='bbox 1322 1132 1421 1170; x_wconf 86' lang='lat' dir='ltr'>Obr.</span> 
     </span>
     <span class='ocr_line' id='line_1_14' title="bbox 73 1188 1421 1238; baseline 0.001 -14"><span class='ocrx_word' id='word_1_102' title='bbox 73 1191 315 1226; x_wconf 78' lang='lat' dir='ltr'>numerandus</span> <span class='ocrx_word' id='word_1_103' title='bbox 354 1192 451 1229; x_wconf 84' lang='lat' dir='ltr'>Jens.</span> <span class='ocrx_word' id='word_1_104' title='bbox 482 1188 584 1234; x_wconf 84' lang='lat' dir='ltr'>(tac.</span> <span class='ocrx_word' id='word_1_105' title='bbox 614 1191 752 1236; x_wconf 74' lang='lat' dir='ltr'>Gel&#39;n.)</span> <span class='ocrx_word' id='word_1_106' title='bbox 784 1202 872 1224; x_wconf 88' lang='lat' dir='ltr'>cum</span> <span class='ocrx_word' id='word_1_107' title='bbox 904 1190 988 1225; x_wconf 86' lang='lat' dir='ltr'><strong>edd.</strong></span> <span class='ocrx_word' id='word_1_108' title='bbox 1027 1190 1121 1238; x_wconf 83' lang='lat' dir='ltr'>post.</span> <span class='ocrx_word' id='word_1_109' title='bbox 1155 1199 1239 1224; x_wconf 83' lang='lat' dir='ltr'>ante</span> <span class='ocrx_word' id='word_1_110' title='bbox 1269 1189 1421 1236; x_wconf 73' lang='lat' dir='ltr'>Gryph-</span> 
     </span>
     <span class='ocr_line' id='line_1_15' title="bbox 73 1240 1422 1296; baseline -0.001 -16"><span class='ocrx_word' id='word_1_111' title='bbox 73 1240 199 1294; x_wconf 74' lang='lat' dir='ltr'>Qnam</span> <span class='ocrx_word' id='word_1_112' title='bbox 230 1247 456 1296; x_wconf 80' lang='lat' dir='ltr'>scripturam</span> <span class='ocrx_word' id='word_1_113' title='bbox 484 1248 610 1296; x_wconf 80' lang='lat' dir='ltr'>Regio</span> <span class='ocrx_word' id='word_1_114' title='bbox 635 1248 836 1296; x_wconf 76' lang='lat' dir='ltr'>probatam</span> <span class='ocrx_word' id='word_1_115' title='bbox 851 1246 998 1282; x_wconf 73' lang='lat' dir='ltr'>Badius</span> <span class='ocrx_word' id='word_1_116' title='bbox 1018 1247 1113 1293; x_wconf 87' lang='lat' dir='ltr'>(cui</span> <span class='ocrx_word' id='word_1_117' title='bbox 1133 1246 1311 1282; x_wconf 77' lang='lat' dir='ltr'><strong>accedere</strong></span> <span class='ocrx_word' id='word_1_118' title='bbox 1333 1245 1422 1279; x_wconf 76' lang='lat' dir='ltr'>Gal-</span> 
     </span>
     <span class='ocr_line' id='line_1_16' title="bbox 74 1300 1425 1350; baseline 0 -14"><span class='ocrx_word' id='word_1_119' title='bbox 74 1301 202 1338; x_wconf 83' lang='lat' dir='ltr'>laeum</span> <span class='ocrx_word' id='word_1_120' title='bbox 232 1313 360 1338; x_wconf 80' lang='lat' dir='ltr'>narrat</span> <span class='ocrx_word' id='word_1_121' title='bbox 387 1305 660 1345; x_wconf 85' lang='lat' dir='ltr'>Burmannus)</span> <span class='ocrx_word' id='word_1_122' title='bbox 690 1314 792 1339; x_wconf 85' lang='lat' dir='ltr'>recte</span> <span class='ocrx_word' id='word_1_123' title='bbox 821 1302 1018 1338; x_wconf 82' lang='lat' dir='ltr'>ferendam</span> <span class='ocrx_word' id='word_1_124' title='bbox 1044 1314 1180 1350; x_wconf 82' lang='lat' dir='ltr'><strong>negat,</strong></span> <span class='ocrx_word' id='word_1_125' title='bbox 1220 1300 1287 1336; x_wconf 81' lang='lat' dir='ltr'>vel</span> <span class='ocrx_word' id='word_1_126' title='bbox 1317 1303 1425 1337; x_wconf 81' lang='lat' dir='ltr'>enim</span> 
     </span>
     <span class='ocr_line' id='line_1_17' title="bbox 75 1358 1426 1396; baseline 0 -3"><span class='ocrx_word' id='word_1_127' title='bbox 75 1360 172 1394; x_wconf 70' lang='lat' dir='ltr'>inter</span> <span class='ocrx_word' id='word_1_128' title='bbox 201 1367 366 1394; x_wconf 79' lang='lat' dir='ltr'><em>oratores</em></span> <span class='ocrx_word' id='word_1_129' title='bbox 391 1359 458 1395; x_wconf 82' lang='lat' dir='ltr'>vel</span> <span class='ocrx_word' id='word_1_130' title='bbox 479 1361 688 1395; x_wconf 77' lang='lat' dir='ltr'>oratoribus</span> <span class='ocrx_word' id='word_1_131' title='bbox 713 1359 1008 1396; x_wconf 69' lang='lat' dir='ltr'>annumerandus</span> <span class='ocrx_word' id='word_1_132' title='bbox 1032 1358 1274 1394; x_wconf 82' lang='lat' dir='ltr'>scribendum</span> <span class='ocrx_word' id='word_1_133' title='bbox 1299 1358 1426 1393; x_wconf 77' lang='lat' dir='ltr'>fuiffe..</span> 
     </span>
     <span class='ocr_line' id='line_1_18' title="bbox 74 1413 1427 1464; baseline 0.001 -16"><span class='ocrx_word' id='word_1_134' title='bbox 74 1415 244 1451; x_wconf 80' lang='lat' dir='ltr'>Praefert</span> <span class='ocrx_word' id='word_1_135' title='bbox 263 1415 387 1464; x_wconf 84' lang='lat' dir='ltr'>igitur</span> <span class='ocrx_word' id='word_1_136' title='bbox 409 1416 516 1464; x_wconf 87' lang='lat' dir='ltr'>quod</span> <span class='ocrx_word' id='word_1_137' title='bbox 545 1416 634 1452; x_wconf 84' lang='lat' dir='ltr'><strong>dant</strong></span> <span class='ocrx_word' id='word_1_138' title='bbox 655 1417 739 1451; x_wconf 83' lang='lat' dir='ltr'>Mff.</span> <span class='ocrx_word' id='word_1_139' title='bbox 766 1416 831 1451; x_wconf 79' lang='lat' dir='ltr'>cui</span> <span class='ocrx_word' id='word_1_140' title='bbox 850 1414 1039 1451; x_wconf 85' lang='lat' dir='ltr'>firmando</span> <span class='ocrx_word' id='word_1_141' title='bbox 1063 1415 1222 1450; x_wconf 82' lang='lat' dir='ltr'>adhibet</span> <span class='ocrx_word' id='word_1_142' title='bbox 1245 1413 1427 1450; x_wconf 77' lang='lat' dir='ltr'>Gallaeus</span> 
     </span>
     <span class='ocr_line' id='line_1_19' title="bbox 75 1469 1427 1519; baseline 0 -14"><span class='ocrx_word' id='word_1_143' title='bbox 75 1469 209 1513; x_wconf 75' lang='lat' dir='ltr'>locum</span> <span class='ocrx_word' id='word_1_144' title='bbox 239 1484 311 1512; x_wconf 82' lang='lat'>10,</span> <span class='ocrx_word' id='word_1_145' title='bbox 334 1482 380 1512; x_wconf 86' lang='lat'>2,</span> <span class='ocrx_word' id='word_1_146' title='bbox 403 1483 479 1513; x_wconf 77' lang='lat'>21;</span> <span class='ocrx_word' id='word_1_147' title='bbox 511 1485 591 1508; x_wconf 88' lang='lat' dir='ltr'>non</span> <span class='ocrx_word' id='word_1_148' title='bbox 621 1472 720 1507; x_wconf 76' lang='lat' dir='ltr'>male</span> <span class='ocrx_word' id='word_1_149' title='bbox 747 1471 828 1507; x_wconf 87' lang='lat' dir='ltr'>ille.</span> <span class='ocrx_word' id='word_1_150' title='bbox 889 1472 1142 1519; x_wconf 78' lang='lat' dir='ltr'><strong>Quanquam,</strong></span> <span class='ocrx_word' id='word_1_151' title='bbox 1173 1471 1319 1511; x_wconf 84' lang='lat' dir='ltr'>fateor,</span> <span class='ocrx_word' id='word_1_152' title='bbox 1350 1481 1427 1506; x_wconf 84' lang='lat' dir='ltr'>ter-</span> 
     </span>
     <span class='ocr_line' id='line_1_20' title="bbox 75 1525 1427 1577; baseline 0 -15"><span class='ocrx_word' id='word_1_153' title='bbox 75 1527 149 1562; x_wconf 71' lang='lat' dir='ltr'>fius</span> <span class='ocrx_word' id='word_1_154' title='bbox 195 1525 393 1575; x_wconf 77' lang='lat' dir='ltr'>aliquanto</span> <span class='ocrx_word' id='word_1_155' title='bbox 430 1530 632 1577; x_wconf 77' lang='lat' dir='ltr'>magisque</span> <span class='ocrx_word' id='word_1_156' title='bbox 674 1528 829 1577; x_wconf 80' lang='lat' dir='ltr'>explere</span> <span class='ocrx_word' id='word_1_157' title='bbox 861 1527 1036 1562; x_wconf 85' lang='lat' dir='ltr'>animum</span> <span class='ocrx_word' id='word_1_158' title='bbox 1064 1526 1222 1562; x_wconf 83' lang='lat' dir='ltr'>lectoris</span> <span class='ocrx_word' id='word_1_159' title='bbox 1254 1527 1427 1568; x_wconf 81' lang='lat' dir='ltr'>videtur,</span> 
     </span>
     <span class='ocr_line' id='line_1_21' title="bbox 77 1583 1428 1633; baseline -0.001 -15"><span class='ocrx_word' id='word_1_160' title='bbox 77 1584 185 1632; x_wconf 83' lang='lat' dir='ltr'>quod</span> <span class='ocrx_word' id='word_1_161' title='bbox 221 1597 325 1620; x_wconf 85' lang='lat' dir='ltr'>nunc</span> <span class='ocrx_word' id='word_1_162' title='bbox 355 1583 543 1633; x_wconf 81' lang='lat' dir='ltr'>legimus,</span> <span class='ocrx_word' id='word_1_163' title='bbox 583 1586 637 1621; x_wconf 79' lang='lat' dir='ltr'>ita</span> <span class='ocrx_word' id='word_1_164' title='bbox 670 1596 796 1621; x_wconf 85' lang='lat' dir='ltr'>tamen</span> <span class='ocrx_word' id='word_1_165' title='bbox 827 1595 871 1620; x_wconf 93' lang='lat' dir='ltr'>ut</span> <span class='ocrx_word' id='word_1_166' title='bbox 900 1584 942 1619; x_wconf 87' lang='lat' dir='ltr'>in</span> <span class='ocrx_word' id='word_1_167' title='bbox 972 1584 1043 1619; x_wconf 82' lang='lat' dir='ltr'>hac</span> <span class='ocrx_word' id='word_1_168' title='bbox 1076 1584 1228 1619; x_wconf 78' lang='lat' dir='ltr'>ratione</span> <span class='ocrx_word' id='word_1_169' title='bbox 1261 1583 1428 1619; x_wconf 77' lang='lat' dir='ltr'>scribere</span> 
     </span>
     <span class='ocr_line' id='line_1_22' title="bbox 75 1637 1430 1689; baseline 0.001 -15"><span class='ocrx_word' id='word_1_170' title='bbox 75 1638 210 1675; x_wconf 83' lang='lat' dir='ltr'>malim</span> <span class='ocrx_word' id='word_1_171' title='bbox 238 1637 349 1688; x_wconf 73' lang='grc' dir='ltr'><strong><em>,,]ἐι1,</em></strong></span> <span class='ocrx_word' id='word_1_172' title='bbox 381 1652 424 1676; x_wconf 86' lang='lat' dir='ltr'>ut</span> <span class='ocrx_word' id='word_1_173' title='bbox 444 1641 568 1677; x_wconf 80' lang='lat' dir='ltr'>dicam</span> <span class='ocrx_word' id='word_1_174' title='bbox 591 1643 697 1689; x_wconf 90' lang='lat' dir='ltr'>quod</span> <span class='ocrx_word' id='word_1_175' title='bbox 715 1641 848 1677; x_wconf 87' lang='lat' dir='ltr'>sentio.</span> <span class='ocrx_word' id='word_1_176' title='bbox 862 1646 887 1661; x_wconf 91' lang='lat'><strong>“</strong></span> <span class='ocrx_word' id='word_1_177' title='bbox 947 1639 1159 1687; x_wconf 83' lang='lat' dir='ltr'>Quomodo</span> <span class='ocrx_word' id='word_1_178' title='bbox 1183 1649 1311 1676; x_wconf 85' lang='lat' dir='ltr'>autem</span> <span class='ocrx_word' id='word_1_179' title='bbox 1332 1640 1430 1675; x_wconf 74' lang='lat' dir='ltr'>liaeo</span> 
     </span>
     <span class='ocr_line' id='line_1_23' title="bbox 75 1695 1430 1746; baseline 0 -16"><span class='ocrx_word' id='word_1_180' title='bbox 75 1695 273 1745; x_wconf 79' lang='lat' dir='ltr'>scriptura,</span> <span class='ocrx_word' id='word_1_181' title='bbox 298 1698 326 1731; x_wconf 84' lang='lat' dir='ltr'><strong>fi</strong></span> <span class='ocrx_word' id='word_1_182' title='bbox 344 1697 422 1746; x_wconf 86' lang='lat' dir='ltr'>ipsa</span> <span class='ocrx_word' id='word_1_183' title='bbox 441 1697 518 1734; x_wconf 82' lang='lat' dir='ltr'>fuit</span> <span class='ocrx_word' id='word_1_184' title='bbox 538 1698 786 1744; x_wconf 79' lang='lat' dir='ltr'>Quintiliani,</span> <span class='ocrx_word' id='word_1_185' title='bbox 809 1697 916 1732; x_wconf 81' lang='lat' dir='ltr'>abire</span> <span class='ocrx_word' id='word_1_186' title='bbox 934 1697 1112 1745; x_wconf 78' lang='lat' dir='ltr'>potuerit</span> <span class='ocrx_word' id='word_1_187' title='bbox 1130 1697 1173 1731; x_wconf 91' lang='lat' dir='ltr'>in</span> <span class='ocrx_word' id='word_1_188' title='bbox 1195 1710 1291 1737; x_wconf 88' lang='lat' dir='ltr'>eam,</span> <span class='ocrx_word' id='word_1_189' title='bbox 1313 1708 1430 1746; x_wconf 79' lang='lat' dir='ltr'>quam</span> 
     </span>
     <span class='ocr_line' id='line_1_24' title="bbox 75 1752 1431 1803; baseline 0.001 -16"><span class='ocrx_word' id='word_1_190' title='bbox 75 1752 300 1800; x_wconf 76' lang='lat' dir='ltr'>praeferunt</span> <span class='ocrx_word' id='word_1_191' title='bbox 321 1753 572 1802; x_wconf 81' lang='lat' dir='ltr'>antiquissimi</span> <span class='ocrx_word' id='word_1_192' title='bbox 591 1755 737 1803; x_wconf 78' lang='lat' dir='ltr'>quique</span> <span class='ocrx_word' id='word_1_193' title='bbox 758 1753 868 1794; x_wconf 76' lang='lat' dir='ltr'>libri,</span> <span class='ocrx_word' id='word_1_194' title='bbox 897 1766 978 1789; x_wconf 87' lang='lat' dir='ltr'>non</span> <span class='ocrx_word' id='word_1_195' title='bbox 999 1765 1158 1802; x_wconf 83' lang='lat' dir='ltr'>exputo.</span> <span class='ocrx_word' id='word_1_196' title='bbox 1218 1753 1282 1788; x_wconf 82' lang='lat' dir='ltr'>Est</span> <span class='ocrx_word' id='word_1_197' title='bbox 1301 1764 1431 1788; x_wconf 84' lang='lat' dir='ltr'>tamen.</span> 
     </span>
     <span class='ocr_line' id='line_1_25' title="bbox 76 1808 1432 1859; baseline 0 -16"><span class='ocrx_word' id='word_1_198' title='bbox 76 1818 291 1856; x_wconf 77' lang='lat' dir='ltr'><strong>praeterea,</strong></span> <span class='ocrx_word' id='word_1_199' title='bbox 338 1810 444 1859; x_wconf 84' lang='lat' dir='ltr'>quod</span> <span class='ocrx_word' id='word_1_200' title='bbox 475 1821 622 1846; x_wconf 77' lang='lat' dir='ltr'>avertat</span> <span class='ocrx_word' id='word_1_201' title='bbox 656 1825 676 1846; x_wconf 85' lang='lat' dir='ltr'>a</span> <span class='ocrx_word' id='word_1_202' title='bbox 704 1810 881 1858; x_wconf 81' lang='lat' dir='ltr'>vulgata:</span> <span class='ocrx_word' id='word_1_203' title='bbox 915 1808 958 1845; x_wconf 80' lang='lat' dir='ltr'>fit</span> <span class='ocrx_word' id='word_1_204' title='bbox 991 1811 1093 1845; x_wconf 85' lang='lat' dir='ltr'>enim</span> <span class='ocrx_word' id='word_1_205' title='bbox 1121 1809 1286 1845; x_wconf 82' lang='lat' dir='ltr'>clausula</span> <span class='ocrx_word' id='word_1_206' title='bbox 1314 1809 1432 1845; x_wconf 84' lang='lat' dir='ltr'>hexa-</span> 
     </span>
    </p>
   </div>
   <div class='ocr_carea' id='block_1_4' title="bbox 75 1865 1433 1972">
    <p class='ocr_par' dir='ltr' id='par_1_5' title="bbox 75 1865 1433 1972">
     <span class='ocr_line' id='line_1_26' title="bbox 75 1865 1433 1915; baseline 0.001 -15"><span class='ocrx_word' id='word_1_207' title='bbox 75 1865 196 1902; x_wconf 73' lang='lat' dir='ltr'>metri</span> <span class='ocrx_word' id='word_1_208' title='bbox 213 1865 327 1914; x_wconf 82' lang='lat' dir='ltr'>plena</span> <span class='ocrx_word' id='word_1_209' title='bbox 347 1866 390 1901; x_wconf 86' lang='lat' dir='ltr'>in</span> <span class='ocrx_word' id='word_1_210' title='bbox 405 1866 502 1908; x_wconf 59' lang='lat' dir='ltr'>‘ham</span> <span class='ocrx_word' id='word_1_211' title='bbox 532 1868 639 1915; x_wconf 86' lang='lat' dir='ltr'>quod</span> <span class='ocrx_word' id='word_1_212' title='bbox 660 1868 764 1903; x_wconf 86' lang='lat' dir='ltr'>secus</span> <span class='ocrx_word' id='word_1_213' title='bbox 787 1866 899 1902; x_wconf 84' lang='lat' dir='ltr'>estin</span> <span class='ocrx_word' id='word_1_214' title='bbox 921 1867 1132 1902; x_wconf 75' lang='lat' dir='ltr'>imitandus.</span> <span class='ocrx_word' id='word_1_215' title='bbox 1173 1866 1433 1904; x_wconf 77' lang='lat' dir='ltr'>Acutioribus</span> 
     </span>
     <span class='ocr_line' id='line_1_27' title="bbox 77 1920 711 1972; baseline 0.003 -15"><span class='ocrx_word' id='word_1_216' title='bbox 77 1920 208 1971; x_wconf 60' lang='lat' dir='ltr'>itaque</span> <span class='ocrx_word' id='word_1_217' title='bbox 228 1921 359 1958; x_wconf 86' lang='lat' dir='ltr'>locum</span> <span class='ocrx_word' id='word_1_218' title='bbox 386 1922 490 1958; x_wconf 86' lang='lat' dir='ltr'>hunc</span> <span class='ocrx_word' id='word_1_219' title='bbox 514 1923 711 1972; x_wconf 83' lang='lat' dir='ltr'>relinquo.</span> 
     </span>
    </p>
   </div>
   <div class='ocr_carea' id='block_1_5' title="bbox 83 2006 1437 2285">
    <p class='ocr_par' dir='ltr' id='par_1_6' title="bbox 83 2006 1437 2285">
     <span class='ocr_line' id='line_1_28' title="bbox 171 2006 1435 2063; baseline 0 -17"><span class='ocrx_word' id='word_1_220' title='bbox 171 2023 235 2060; x_wconf 82' lang='lat'>91.</span> <span class='ocrx_word' id='word_1_221' title='bbox 262 2026 466 2063; x_wconf 80' lang='lat' dir='ltr'>parumque</span> <span class='ocrx_word' id='word_1_222' title='bbox 499 2014 580 2049; x_wconf 79' lang='lat' dir='ltr'>diis.</span> <span class='ocrx_word' id='word_1_223' title='bbox 639 2013 773 2049; x_wconf 80' lang='lat' dir='ltr'>Turio.</span> <span class='ocrx_word' id='word_1_224' title='bbox 805 2006 910 2050; x_wconf 81' lang='lat' dir='ltr'>Flor.</span> <span class='ocrx_word' id='word_1_225' title='bbox 941 2013 1034 2059; x_wconf 76' lang='lat' dir='ltr'>(hle</span> <span class='ocrx_word' id='word_1_226' title='bbox 1058 2027 1077 2048; x_wconf 84' lang='lat' dir='ltr'>a</span> <span class='ocrx_word' id='word_1_227' title='bbox 1098 2027 1158 2062; x_wconf 82' lang='lat' dir='ltr'>pr.</span> <span class='ocrx_word' id='word_1_228' title='bbox 1184 2009 1269 2060; x_wconf 89' lang='lat' dir='ltr'>m.)</span> <span class='ocrx_word' id='word_1_229' title='bbox 1301 2025 1435 2061; x_wconf 82' lang='lat' dir='ltr'>parum</span> 
     </span>
     <span class='ocr_line' id='line_1_29' title="bbox 83 2067 1435 2121; baseline 0.001 -19"><span class='ocrx_word' id='word_1_230' title='bbox 83 2081 177 2116; x_wconf 55' lang='lat' dir='ltr'>quae</span> <span class='ocrx_word' id='word_1_231' title='bbox 204 2069 294 2104; x_wconf 48' lang='lat' dir='ltr'>hisp</span> <span class='ocrx_word' id='word_1_232' title='bbox 335 2068 437 2104; x_wconf 80' lang='lat' dir='ltr'>Alm.</span> <span class='ocrx_word' id='word_1_233' title='bbox 468 2084 672 2121; x_wconf 82' lang='lat' dir='ltr'>parumque</span> <span class='ocrx_word' id='word_1_234' title='bbox 712 2071 789 2111; x_wconf 80' lang='lat' dir='ltr'>his,</span> <span class='ocrx_word' id='word_1_235' title='bbox 841 2080 879 2105; x_wconf 87' lang='lat' dir='ltr'>et</span> <span class='ocrx_word' id='word_1_236' title='bbox 908 2071 956 2105; x_wconf 86' lang='lat' dir='ltr'>fic</span> <span class='ocrx_word' id='word_1_237' title='bbox 992 2070 1127 2117; x_wconf 87' lang='lat' dir='ltr'>Camp.</span> <span class='ocrx_word' id='word_1_238' title='bbox 1197 2069 1271 2103; x_wconf 87' lang='lat' dir='ltr'>Sed</span> <span class='ocrx_word' id='word_1_239' title='bbox 1304 2067 1435 2104; x_wconf 86' lang='lat' dir='ltr'>Guelf.</span> 
     </span>
     <span class='ocr_line' id='line_1_30' title="bbox 84 2123 1437 2169; baseline 0 -11"><span class='ocrx_word' id='word_1_240' title='bbox 84 2123 236 2159; x_wconf 82' lang='lat' dir='ltr'>omittit</span> <span class='ocrx_word' id='word_1_241' title='bbox 274 2123 492 2160; x_wconf 77' lang='lat' dir='ltr'>encliticam</span> <span class='ocrx_word' id='word_1_242' title='bbox 537 2139 625 2161; x_wconf 85' lang='lat' dir='ltr'>cum</span> <span class='ocrx_word' id='word_1_243' title='bbox 659 2126 764 2163; x_wconf 82' lang='lat' dir='ltr'>Voff.</span> <span class='ocrx_word' id='word_1_244' title='bbox 795 2134 833 2169; x_wconf 75' lang='lat'>3.</span> <span class='ocrx_word' id='word_1_245' title='bbox 902 2125 1162 2164; x_wconf 85' lang='lat' dir='ltr'>Scribendum</span> <span class='ocrx_word' id='word_1_246' title='bbox 1202 2125 1332 2160; x_wconf 79' lang='lat' dir='ltr'>censeo</span> <span class='ocrx_word' id='word_1_247' title='bbox 1368 2124 1437 2164; x_wconf 68' lang='lat' dir='ltr'>dir,</span> 
     </span>
     <span class='ocr_line' id='line_1_31' title="bbox 83 2178 1437 2229; baseline 0.002 -15"><span class='ocrx_word' id='word_1_248' title='bbox 83 2178 366 2228; x_wconf 80' lang='lat' dir='ltr'>monosyllabo.</span> <span class='ocrx_word' id='word_1_249' title='bbox 599 2180 723 2217; x_wconf 66' lang='lat' dir='ltr'>cameri</span> <span class='ocrx_word' id='word_1_250' title='bbox 754 2182 822 2220; x_wconf 79' lang='lat' dir='ltr'>his.</span> <span class='ocrx_word' id='word_1_251' title='bbox 889 2182 954 2220; x_wconf 86' lang='lat' dir='ltr'>Sic</span> <span class='ocrx_word' id='word_1_252' title='bbox 987 2182 1122 2218; x_wconf 80' lang='lat' dir='ltr'>Turio.</span> <span class='ocrx_word' id='word_1_253' title='bbox 1158 2181 1264 2218; x_wconf 82' lang='lat' dir='ltr'>Flor.</span> <span class='ocrx_word' id='word_1_254' title='bbox 1302 2182 1437 2229; x_wconf 78' lang='lat' dir='ltr'>Camp-</span> 
     </span>
     <span class='ocr_line' id='line_1_32' title="bbox 86 2234 1422 2285; baseline 0.001 -12"><span class='ocrx_word' id='word_1_255' title='bbox 86 2235 248 2285; x_wconf 86' lang='lat' dir='ltr'>Reliqui</span> <span class='ocrx_word' id='word_1_256' title='bbox 268 2238 378 2285; x_wconf 48' lang='lat' dir='ltr'>tqiis.</span> <span class='ocrx_word' id='word_1_257' title='bbox 437 2234 567 2276; x_wconf 85' lang='lat' dir='ltr'>Guelf.</span> <span class='ocrx_word' id='word_1_258' title='bbox 589 2238 643 2273; x_wconf 82' lang='lat' dir='ltr'>his</span> <span class='ocrx_word' id='word_1_259' title='bbox 672 2250 750 2275; x_wconf 90' lang='lat' dir='ltr'>om.</span> <span class='ocrx_word' id='word_1_260' title='bbox 1417 2239 1422 2243; x_wconf 84' lang='lat'>&#39;</span> 
     </span>
    </p>
   </div>
   <div class='ocr_carea' id='block_1_6' title="bbox 12 2368 1442 2758">
    <p class='ocr_par' dir='ltr' id='par_1_7' title="bbox 12 2368 1442 2758">
     <span class='ocr_line' id='line_1_33' title="bbox 145 2368 1439 2420; baseline 0.002 -15"><span class='ocrx_word' id='word_1_261' title='bbox 145 2381 210 2418; x_wconf 85' lang='lat'>9¹·</span> <span class='ocrx_word' id='word_1_262' title='bbox 244 2368 728 2420; x_wconf 80' lang='lat' dir='ltr'>GermanicumAugufium.</span> <span class='ocrx_word' id='word_1_263' title='bbox 792 2377 815 2416; x_wconf 75' lang='grc'>4</span> <span class='ocrx_word' id='word_1_264' title='bbox 837 2374 927 2407; x_wconf 87' lang='lat' dir='ltr'>Pro.</span> <span class='ocrx_word' id='word_1_265' title='bbox 951 2378 989 2414; x_wconf 76' lang='grc'>5.</span> <span class='ocrx_word' id='word_1_266' title='bbox 1048 2371 1209 2411; x_wconf 77' lang='lat' dir='ltr'>Poetas,</span> <span class='ocrx_word' id='word_1_267' title='bbox 1239 2370 1311 2419; x_wconf 81' lang='lat' dir='ltr'>qui</span> <span class='ocrx_word' id='word_1_268' title='bbox 1347 2384 1439 2407; x_wconf 87' lang='lat' dir='ltr'>eum</span> 
     </span>
     <span class='ocr_line' id='line_1_34' title="bbox 71 2425 1440 2468; baseline 0 -5"><span class='ocrx_word' id='word_1_269' title='bbox 71 2425 171 2463; x_wconf 71' lang='lat' dir='ltr'>=Diu</span> <span class='ocrx_word' id='word_1_270' title='bbox 187 2426 237 2462; x_wconf 84' lang='lat' dir='ltr'>est</span> <span class='ocrx_word' id='word_1_271' title='bbox 248 2439 335 2462; x_wconf 87' lang='lat' dir='ltr'>cum</span> <span class='ocrx_word' id='word_1_272' title='bbox 347 2428 531 2464; x_wconf 85' lang='lat' dir='ltr'>viderunt</span> <span class='ocrx_word' id='word_1_273' title='bbox 541 2430 730 2467; x_wconf 89' lang='lat' dir='ltr'><strong>VV.DD.</strong></span> <span class='ocrx_word' id='word_1_274' title='bbox 791 2428 939 2464; x_wconf 75' lang='lat' dir='ltr'>adulati</span> <span class='ocrx_word' id='word_1_275' title='bbox 968 2427 1040 2462; x_wconf 85' lang='lat' dir='ltr'>fint</span> <span class='ocrx_word' id='word_1_276' title='bbox 1067 2426 1144 2462; x_wconf 86' lang='lat' dir='ltr'>hoc</span> <span class='ocrx_word' id='word_1_277' title='bbox 1169 2427 1351 2468; x_wconf 87' lang='lat' dir='ltr'>nomine,</span> <span class='ocrx_word' id='word_1_278' title='bbox 1381 2441 1440 2463; x_wconf 81' lang='lat' dir='ltr'>re-</span> 
     </span>
     <span class='ocr_line' id='line_1_35' title="bbox 88 2482 1439 2532; baseline 0 -14"><span class='ocrx_word' id='word_1_279' title='bbox 88 2483 136 2519; x_wconf 79' lang='lat' dir='ltr'>de</span> <span class='ocrx_word' id='word_1_280' title='bbox 164 2484 387 2519; x_wconf 76' lang='lat' dir='ltr'>Germanici</span> <span class='ocrx_word' id='word_1_281' title='bbox 405 2484 648 2520; x_wconf 80' lang='lat' dir='ltr'>Arateis-hic</span> <span class='ocrx_word' id='word_1_282' title='bbox 667 2499 733 2520; x_wconf 83' lang='lat' dir='ltr'>ne·</span> <span class='ocrx_word' id='word_1_283' title='bbox 792 2485 868 2520; x_wconf 81' lang='lat' dir='ltr'>fert</span> <span class='ocrx_word' id='word_1_284' title='bbox 892 2482 1131 2519; x_wconf 75' lang='lat' dir='ltr'>Dodwellus</span> <span class='ocrx_word' id='word_1_285' title='bbox 1155 2483 1293 2520; x_wconf 79' lang='lat' dir='ltr'>Annal.</span> <span class='ocrx_word' id='word_1_286' title='bbox 1315 2484 1439 2532; x_wconf 83' lang='lat' dir='ltr'>Quin-</span> 
     </span>
     <span class='ocr_line' id='line_1_36' title="bbox 88 2539 1440 2589; baseline 0.001 -14"><span class='ocrx_word' id='word_1_287' title='bbox 88 2551 279 2587; x_wconf 74' lang='lat' dir='ltr'>quaquam</span> <span class='ocrx_word' id='word_1_288' title='bbox 338 2540 409 2576; x_wconf 81' lang='lat' dir='ltr'>effe</span> <span class='ocrx_word' id='word_1_289' title='bbox 469 2541 732 2589; x_wconf 79' lang='lat' dir='ltr'>cogitandum,</span> <span class='ocrx_word' id='word_1_290' title='bbox 793 2540 851 2576; x_wconf 86' lang='lat' dir='ltr'>til.</span> <span class='ocrx_word' id='word_1_291' title='bbox 873 2544 908 2588; x_wconf 80' lang='lat'>§.</span> <span class='ocrx_word' id='word_1_292' title='bbox 935 2546 998 2583; x_wconf 74' lang='lat'>²4·</span> <span class='ocrx_word' id='word_1_293' title='bbox 1022 2540 1159 2575; x_wconf 88' lang='lat' dir='ltr'>hosce:</span> <span class='ocrx_word' id='word_1_294' title='bbox 1191 2539 1258 2576; x_wconf 84' lang='lat' dir='ltr'>Sil.</span> <span class='ocrx_word' id='word_1_295' title='bbox 1287 2540 1370 2576; x_wconf 81' lang='lat' dir='ltr'>Ital.</span> <span class='ocrx_word' id='word_1_296' title='bbox 1401 2549 1440 2583; x_wconf 80' lang='lat'>3,</span> 
     </span>
     <span class='ocr_line' id='line_1_37' title="bbox 88 2594 1442 2642; baseline 0.001 -11"><span class='ocrx_word' id='word_1_297' title='bbox 88 2595 150 2631; x_wconf 81' lang='lat' dir='ltr'>sed</span> <span class='ocrx_word' id='word_1_298' title='bbox 173 2594 295 2631; x_wconf 80' lang='lat' dir='ltr'>[olum</span> <span class='ocrx_word' id='word_1_299' title='bbox 319 2596 572 2632; x_wconf 78' lang='lat' dir='ltr'>demonstrari</span> <span class='ocrx_word' id='word_1_300' title='bbox 591 2597 734 2633; x_wconf 85' lang='lat' dir='ltr'>Domi·</span> <span class='ocrx_word' id='word_1_301' title='bbox 794 2596 876 2642; x_wconf 82' lang='lat'>618</span> <span class='ocrx_word' id='word_1_302' title='bbox 898 2615 956 2623; x_wconf 91' lang='lat'>—-</span> <span class='ocrx_word' id='word_1_303' title='bbox 979 2605 1044 2631; x_wconf 78' lang='lat'>20.</span> <span class='ocrx_word' id='word_1_304' title='bbox 1086 2594 1215 2635; x_wconf 86' lang='lat' dir='ltr'>Valer.</span> <span class='ocrx_word' id='word_1_305' title='bbox 1244 2595 1366 2633; x_wconf 78' lang='lat' dir='ltr'>Placc.</span> <span class='ocrx_word' id='word_1_306' title='bbox 1408 2610 1442 2637; x_wconf 84' lang='grc' dir='ltr'>ι,</span> 
     </span>
     <span class='ocr_line' id='line_1_38' title="bbox 12 2651 1221 2702; baseline 0.003 -16"><span class='ocrx_word' id='word_1_307' title='bbox 12 2656 19 2671; x_wconf 83' lang='grc'><strong>’</strong></span> <span class='ocrx_word' id='word_1_308' title='bbox 90 2652 239 2687; x_wconf 80' lang='lat' dir='ltr'>tianum</span> <span class='ocrx_word' id='word_1_309' title='bbox 272 2652 570 2702; x_wconf 80' lang='lat' dir='ltr'>imperatorem,</span> <span class='ocrx_word' id='word_1_310' title='bbox 602 2653 648 2689; x_wconf 83' lang='lat' dir='ltr'>de</span> <span class='ocrx_word' id='word_1_311' title='bbox 671 2667 735 2688; x_wconf 87' lang='lat' dir='ltr'>cu·</span> <span class='ocrx_word' id='word_1_312' title='bbox 800 2663 862 2689; x_wconf 80' lang='lat'>22.</span> <span class='ocrx_word' id='word_1_313' title='bbox 897 2651 1067 2690; x_wconf 77' lang='lat' dir='ltr'>Martial.</span> <span class='ocrx_word' id='word_1_314' title='bbox 1092 2659 1131 2699; x_wconf 80' lang='lat'>8,</span> <span class='ocrx_word' id='word_1_315' title='bbox 1157 2659 1221 2698; x_wconf 78' lang='lat'>82.</span> 
     </span>
     <span class='ocr_line' id='line_1_39' title="bbox 89 2707 736 2758; baseline 0.003 -15"><span class='ocrx_word' id='word_1_316' title='bbox 89 2707 152 2754; x_wconf 64' lang='lat' dir='ltr'>jun</span> <span class='ocrx_word' id='word_1_317' title='bbox 178 2709 335 2758; x_wconf 77' lang='lat' dir='ltr'>poetica&#39;</span> <span class='ocrx_word' id='word_1_318' title='bbox 352 2709 464 2745; x_wconf 83' lang='lat' dir='ltr'>laude</span> <span class='ocrx_word' id='word_1_319' title='bbox 484 2709 576 2746; x_wconf 82' lang='lat' dir='ltr'>vide</span> <span class='ocrx_word' id='word_1_320' title='bbox 595 2723 669 2746; x_wconf 82' lang='lat' dir='ltr'>nos</span> <span class='ocrx_word' id='word_1_321' title='bbox 688 2710 736 2745; x_wconf 80' lang='lat' dir='ltr'>ad</span> 
     </span>
    </p>
   </div>
  </div>
 </body>
</html>
