<?xml version="1.0" encoding="UTF-8"?>
<!DOCTYPE html PUBLIC "-//W3C//DTD XHTML 1.0 Transitional//EN"
    "http://www.w3.org/TR/xhtml1/DTD/xhtml1-transitional.dtd">
<html xmlns="http://www.w3.org/1999/xhtml" xml:lang="en" lang="en">
 <head>
  <title>
</title>
<meta http-equiv="Content-Type" content="text/html;charset=utf-8" />
  <meta name='ocr-system' content='tesseract 3.04.00' />
  <meta name='ocr-capabilities' content='ocr_page ocr_carea ocr_par ocr_line ocrx_word'/>
</head>
<body>
  <div class='ocr_page' id='page_1' title='image "./lexiconquintilia04bonnuoft/lexiconquintilia04bonnuoft_0147.png"; bbox 0 0 1676 3028; ppageno 0'>
   <div class='ocr_carea' id='block_1_1' title="bbox 484 174 1574 230">
    <p class='ocr_par' dir='ltr' id='par_1_1' title="bbox 484 174 1574 230">
     <span class='ocr_line' id='line_1_1' title="bbox 484 174 1574 230; baseline -0.007 -7"><span class='ocrx_word' id='word_1_1' title='bbox 484 177 646 223; x_wconf 88' lang='lat' dir='ltr'><strong>INST.</strong></span> <span class='ocrx_word' id='word_1_2' title='bbox 685 175 965 222; x_wconf 84' lang='lat' dir='ltr'>ORATOR.</span> <span class='ocrx_word' id='word_1_3' title='bbox 1000 175 1122 220; x_wconf 89' lang='lat' dir='ltr'><strong>LIB.</strong></span> <span class='ocrx_word' id='word_1_4' title='bbox 1158 174 1230 229; x_wconf 91' lang='lat' dir='ltr'>X,</span> <span class='ocrx_word' id='word_1_5' title='bbox 1262 185 1307 217; x_wconf 82' lang='lat'>2.</span> <span class='ocrx_word' id='word_1_6' title='bbox 1478 182 1574 230; x_wconf 71' lang='lat'>1127</span> 
     </span>
    </p>
   </div>
   <div class='ocr_carea' id='block_1_2' title="bbox 207 297 1605 1362">
    <p class='ocr_par' dir='ltr' id='par_1_2' title="bbox 207 297 1605 1362">
     <span class='ocr_line' id='line_1_2' title="bbox 220 297 1570 372; baseline -0.005 -17"><span class='ocrx_word' id='word_1_7' title='bbox 220 302 293 355; x_wconf 83' lang='lat' dir='ltr'>est</span> <span class='ocrx_word' id='word_1_8' title='bbox 324 306 544 372; x_wconf 83' lang='lat' dir='ltr'>ingenii,</span> <span class='ocrx_word' id='word_1_9' title='bbox 585 312 896 354; x_wconf 85' lang='lat' dir='ltr'>contentum</span> <span class='ocrx_word' id='word_1_10' title='bbox 934 299 1032 350; x_wconf 85' lang='lat' dir='ltr'>esse</span> <span class='ocrx_word' id='word_1_11' title='bbox 1068 301 1163 357; x_wconf 76' lang='lat' dir='ltr'><strong>iis,</strong></span> <span class='ocrx_word' id='word_1_12' title='bbox 1205 316 1338 364; x_wconf 85' lang='lat' dir='ltr'><strong>quae</strong></span> <span class='ocrx_word' id='word_1_13' title='bbox 1371 297 1470 348; x_wconf 81' lang='lat' dir='ltr'>fint</span> <span class='ocrx_word' id='word_1_14' title='bbox 1503 299 1570 348; x_wconf 86' lang='lat' dir='ltr'>ab</span> 
     </span>
     <span class='ocr_line' id='line_1_3' title="bbox 219 375 1566 449; baseline -0.004 -17"><span class='ocrx_word' id='word_1_15' title='bbox 219 383 334 432; x_wconf 84' lang='lat' dir='ltr'>aliis</span> <span class='ocrx_word' id='word_1_16' title='bbox 364 384 596 436; x_wconf 82' lang='lat' dir='ltr'><strong>inventa.</strong></span> <span class='ocrx_word' id='word_1_17' title='bbox 674 379 818 449; x_wconf 80' lang='lat' dir='ltr'><strong>Quid</strong></span> <span class='ocrx_word' id='word_1_18' title='bbox 853 380 998 428; x_wconf 84' lang='lat' dir='ltr'>enirn</span> <span class='ocrx_word' id='word_1_19' title='bbox 1030 375 1277 426; x_wconf 86' lang='lat' dir='ltr'><strong>futurum</strong></span> <span class='ocrx_word' id='word_1_20' title='bbox 1300 387 1408 425; x_wconf 85' lang='lat' dir='ltr'><strong>erat</strong></span> <span class='ocrx_word' id='word_1_21' title='bbox 1433 387 1566 427; x_wconf 84' lang='lat' dir='ltr'><strong>tem-</strong></span> 
     </span>
     <span class='ocr_line' id='line_1_4' title="bbox 217 452 1565 526; baseline -0.006 -16"><span class='ocrx_word' id='word_1_22' title='bbox 217 461 439 526; x_wconf 84' lang='lat' dir='ltr'>poribus</span> <span class='ocrx_word' id='word_1_23' title='bbox 469 460 605 516; x_wconf 82' lang='lat' dir='ltr'><strong>illis,</strong></span> <span class='ocrx_word' id='word_1_24' title='bbox 643 474 774 523; x_wconf 83' lang='lat' dir='ltr'>quae</span> <span class='ocrx_word' id='word_1_25' title='bbox 805 455 912 505; x_wconf 85' lang='lat' dir='ltr'>fine</span> <span class='ocrx_word' id='word_1_26' title='bbox 947 455 1192 520; x_wconf 84' lang='lat' dir='ltr'>exemplo</span> <span class='ocrx_word' id='word_1_27' title='bbox 1234 452 1483 512; x_wconf 80' lang='lat' dir='ltr'>fuerunt,</span> <span class='ocrx_word' id='word_1_28' title='bbox 1524 452 1565 502; x_wconf 83' lang='lat' dir='ltr'>fi</span> 
     </span>
     <span class='ocr_line' id='line_1_5' title="bbox 215 529 1563 600; baseline -0.004 -15"><span class='ocrx_word' id='word_1_29' title='bbox 215 535 462 586; x_wconf 85' lang='lat' dir='ltr'>homines</span> <span class='ocrx_word' id='word_1_30' title='bbox 509 536 648 585; x_wconf 75' lang='lat' dir='ltr'>nihil</span> <span class='ocrx_word' id='word_1_31' title='bbox 686 532 782 584; x_wconf 82' lang='lat' dir='ltr'>nifi</span> <span class='ocrx_word' id='word_1_32' title='bbox 821 533 971 600; x_wconf 84' lang='lat' dir='ltr'>quod</span> <span class='ocrx_word' id='word_1_33' title='bbox 1027 536 1130 595; x_wconf 86' lang='lat' dir='ltr'>jam</span> <span class='ocrx_word' id='word_1_34' title='bbox 1184 529 1563 597; x_wconf 75' lang='lat' dir='ltr'>cognoviffent‚</span> 
     </span>
     <span class='ocr_line' id='line_1_6' title="bbox 217 606 1562 676; baseline -0.005 -14"><span class='ocrx_word' id='word_1_35' title='bbox 217 613 518 662; x_wconf 83' lang='lat' dir='ltr'>faciendum</span> <span class='ocrx_word' id='word_1_36' title='bbox 570 612 664 661; x_wconf 80' lang='lat' dir='ltr'>[ibi</span> <span class='ocrx_word' id='word_1_37' title='bbox 722 622 813 660; x_wconf 86' lang='lat' dir='ltr'>aut</span> <span class='ocrx_word' id='word_1_38' title='bbox 874 609 1215 676; x_wconf 80' lang='lat' dir='ltr'>cogitandum</span> <span class='ocrx_word' id='word_1_39' title='bbox 1265 606 1562 674; x_wconf 67' lang='lat' dir='ltr'>putassent?</span> 
     </span>
     <span class='ocr_line' id='line_1_7' title="bbox 216 686 1605 756; baseline 0 -18"><span class='ocrx_word' id='word_1_40' title='bbox 216 692 427 756; x_wconf 78' lang='lat' dir='ltr'><strong>Nempe</strong></span> <span class='ocrx_word' id='word_1_41' title='bbox 457 690 594 738; x_wconf 83' lang='lat' dir='ltr'><strong>nihil</strong></span> <span class='ocrx_word' id='word_1_42' title='bbox 629 686 801 736; x_wconf 83' lang='lat' dir='ltr'>fuiffet</span> <span class='ocrx_word' id='word_1_43' title='bbox 834 688 1129 737; x_wconf 86' lang='lat' dir='ltr'><strong>inventum.</strong></span> <span class='ocrx_word' id='word_1_44' title='bbox 1250 687 1363 735; x_wconf 85' lang='lat' dir='ltr'>Cur</span> <span class='ocrx_word' id='word_1_45' title='bbox 1394 686 1559 751; x_wconf 81' lang='lat' dir='ltr'>igitur</span> <span class='ocrx_word' id='word_1_46' title='bbox 1581 700 1605 738; x_wconf 88' lang='grc'><strong><em>5</em></strong></span> 
     </span>
     <span class='ocr_line' id='line_1_8' title="bbox 215 761 1558 832; baseline -0.004 -17"><span class='ocrx_word' id='word_1_47' title='bbox 215 767 363 816; x_wconf 84' lang='lat' dir='ltr'><strong>nefas</strong></span> <span class='ocrx_word' id='word_1_48' title='bbox 398 766 471 815; x_wconf 85' lang='lat' dir='ltr'>est</span> <span class='ocrx_word' id='word_1_49' title='bbox 500 767 722 832; x_wconf 80' lang='lat' dir='ltr'>reperiri</span> <span class='ocrx_word' id='word_1_50' title='bbox 753 765 957 830; x_wconf 82' lang='lat' dir='ltr'><strong>aliquid.</strong></span> <span class='ocrx_word' id='word_1_51' title='bbox 990 782 1018 813; x_wconf 88' lang='lat' dir='ltr'>a</span> <span class='ocrx_word' id='word_1_52' title='bbox 1049 764 1220 822; x_wconf 87' lang='lat' dir='ltr'><strong>nobis,</strong></span> <span class='ocrx_word' id='word_1_53' title='bbox 1252 761 1403 828; x_wconf 88' lang='lat' dir='ltr'>quod.</span> <span class='ocrx_word' id='word_1_54' title='bbox 1437 772 1558 811; x_wconf 83' lang='lat' dir='ltr'>ante</span> 
     </span>
     <span class='ocr_line' id='line_1_9' title="bbox 215 840 1562 893; baseline -0.003 -1"><span class='ocrx_word' id='word_1_55' title='bbox 215 861 325 893; x_wconf 88' lang='lat' dir='ltr'>non</span> <span class='ocrx_word' id='word_1_56' title='bbox 348 842 545 892; x_wconf 69' lang='lat' dir='ltr'><strong>fuerit?</strong></span> <span class='ocrx_word' id='word_1_57' title='bbox 581 847 662 891; x_wconf 81' lang='lat' dir='ltr'>An</span> <span class='ocrx_word' id='word_1_58' title='bbox 700 843 782 890; x_wconf 83' lang='lat' dir='ltr'>illi</span> <span class='ocrx_word' id='word_1_59' title='bbox 820 841 982 891; x_wconf 84' lang='lat' dir='ltr'>rudes</span> <span class='ocrx_word' id='word_1_60' title='bbox 1011 840 1117 891; x_wconf 82' lang='lat' dir='ltr'>sola</span> <span class='ocrx_word' id='word_1_61' title='bbox 1146 841 1338 890; x_wconf 87' lang='lat' dir='ltr'><strong>mentis</strong></span> <span class='ocrx_word' id='word_1_62' title='bbox 1372 849 1562 889; x_wconf 85' lang='lat' dir='ltr'>natura</span> 
     </span>
     <span class='ocr_line' id='line_1_10' title="bbox 215 919 1559 983; baseline -0.002 -15"><span class='ocrx_word' id='word_1_63' title='bbox 215 919 363 968; x_wconf 79' lang='lat' dir='ltr'>ducti</span> <span class='ocrx_word' id='word_1_64' title='bbox 396 919 519 968; x_wconf 72' lang='lat' dir='ltr'>sunt</span> <span class='ocrx_word' id='word_1_65' title='bbox 555 921 614 967; x_wconf 81' lang='lat' dir='ltr'>in</span> <span class='ocrx_word' id='word_1_66' title='bbox 644 919 762 976; x_wconf 85' lang='lat' dir='ltr'>hoe,</span> <span class='ocrx_word' id='word_1_67' title='bbox 802 930 861 968; x_wconf 84' lang='lat' dir='ltr'>ut</span> <span class='ocrx_word' id='word_1_68' title='bbox 893 930 997 968; x_wconf 83' lang='lat' dir='ltr'>tam</span> <span class='ocrx_word' id='word_1_69' title='bbox 1029 919 1199 967; x_wconf 81' lang='lat' dir='ltr'>multa</span> <span class='ocrx_word' id='word_1_70' title='bbox 1233 927 1559 983; x_wconf 79' lang='lat' dir='ltr'>generarent,</span> 
     </span>
     <span class='ocr_line' id='line_1_11' title="bbox 211 994 1559 1061; baseline -0.001 -17"><span class='ocrx_word' id='word_1_71' title='bbox 211 1013 310 1045; x_wconf 84' lang='lat' dir='ltr'>nos</span> <span class='ocrx_word' id='word_1_72' title='bbox 329 995 393 1044; x_wconf 87' lang='lat' dir='ltr'>ad</span> <span class='ocrx_word' id='word_1_73' title='bbox 418 995 781 1061; x_wconf 80' lang='lat' dir='ltr'><strong>quaerendum</strong></span> <span class='ocrx_word' id='word_1_74' title='bbox 819 1013 930 1044; x_wconf 89' lang='lat' dir='ltr'>non</span> <span class='ocrx_word' id='word_1_75' title='bbox 968 1013 1031 1045; x_wconf 86' lang='lat' dir='ltr'>eo</span> <span class='ocrx_word' id='word_1_76' title='bbox 1064 994 1182 1061; x_wconf 32' lang='lat' dir='ltr'>[ipso</span> <span class='ocrx_word' id='word_1_77' title='bbox 1212 995 1559 1052; x_wconf 86' lang='lat' dir='ltr'><strong>concitemur,</strong></span> 
     </span>
     <span class='ocr_line' id='line_1_12' title="bbox 211 1064 1554 1139; baseline -0.003 -17"><span class='ocrx_word' id='word_1_78' title='bbox 211 1071 361 1139; x_wconf 47' lang='lat' dir='ltr'>quod</span> <span class='ocrx_word' id='word_1_79' title='bbox 395 1083 531 1120; x_wconf 81' lang='lat' dir='ltr'>certe</span> <span class='ocrx_word' id='word_1_80' title='bbox 566 1071 760 1123; x_wconf 80' lang='lat' dir='ltr'><strong>scimus</strong></span> <span class='ocrx_word' id='word_1_81' title='bbox 797 1064 1063 1120; x_wconf 51' lang='lat' dir='ltr'>invenisse¹</span> <span class='ocrx_word' id='word_1_82' title='bbox 1089 1088 1206 1130; x_wconf 86' lang='lat' dir='ltr'>eos,</span> <span class='ocrx_word' id='word_1_83' title='bbox 1262 1072 1358 1136; x_wconf 88' lang='lat' dir='ltr'>qui</span> <span class='ocrx_word' id='word_1_84' title='bbox 1395 1087 1554 1135; x_wconf 87' lang='lat' dir='ltr'>quae-</span> 
     </span>
     <span class='ocr_line' id='line_1_13' title="bbox 210 1146 1601 1213; baseline 0 -16"><span class='ocrx_word' id='word_1_85' title='bbox 210 1146 443 1198; x_wconf 68' lang='lat' dir='ltr'><strong>fierunt?</strong></span> <span class='ocrx_word' id='word_1_86' title='bbox 483 1152 548 1198; x_wconf 86' lang='lat' dir='ltr'>Et</span> <span class='ocrx_word' id='word_1_87' title='bbox 584 1166 707 1198; x_wconf 88' lang='lat' dir='ltr'>cum</span> <span class='ocrx_word' id='word_1_88' title='bbox 734 1149 833 1207; x_wconf 78' lang='lat' dir='ltr'>illi,</span> <span class='ocrx_word' id='word_1_89' title='bbox 863 1150 957 1213; x_wconf 86' lang='lat' dir='ltr'>qui</span> <span class='ocrx_word' id='word_1_90' title='bbox 984 1150 1199 1199; x_wconf 83' lang='lat' dir='ltr'>nullum</span> <span class='ocrx_word' id='word_1_91' title='bbox 1236 1152 1553 1212; x_wconf 84' lang='lat' dir='ltr'><strong>cujusquam</strong></span> <span class='ocrx_word' id='word_1_92' title='bbox 1576 1164 1601 1202; x_wconf 78' lang='lat'><em>5</em></span> 
     </span>
     <span class='ocr_line' id='line_1_14' title="bbox 208 1223 1555 1292; baseline 0.001 -18"><span class='ocrx_word' id='word_1_93' title='bbox 208 1227 286 1274; x_wconf 85' lang='lat' dir='ltr'>rei</span> <span class='ocrx_word' id='word_1_94' title='bbox 309 1226 613 1275; x_wconf 80' lang='lat' dir='ltr'>habuerunt</span> <span class='ocrx_word' id='word_1_95' title='bbox 638 1225 962 1291; x_wconf 77' lang='lat' dir='ltr'>magistrum,</span> <span class='ocrx_word' id='word_1_96' title='bbox 988 1227 1219 1292; x_wconf 83' lang='lat' dir='ltr'>plurima</span> <span class='ocrx_word' id='word_1_97' title='bbox 1240 1227 1297 1274; x_wconf 87' lang='lat' dir='ltr'>in</span> <span class='ocrx_word' id='word_1_98' title='bbox 1315 1223 1555 1290; x_wconf 84' lang='lat' dir='ltr'>posteros</span> 
     </span>
     <span class='ocr_line' id='line_1_15' title="bbox 207 1301 1553 1362; baseline 0.001 -11"><span class='ocrx_word' id='word_1_99' title='bbox 207 1303 548 1362; x_wconf 81' lang='lat' dir='ltr'>tradjderint,</span> <span class='ocrx_word' id='word_1_100' title='bbox 604 1303 761 1353; x_wconf 77' lang='lat' dir='ltr'>nobis</span> <span class='ocrx_word' id='word_1_101' title='bbox 816 1301 943 1353; x_wconf 81' lang='lat' dir='ltr'><strong>usus</strong></span> <span class='ocrx_word' id='word_1_102' title='bbox 997 1304 1221 1352; x_wconf 84' lang='lat' dir='ltr'>aliarum</span> <span class='ocrx_word' id='word_1_103' title='bbox 1260 1319 1444 1352; x_wconf 80' lang='lat' dir='ltr'>rerum</span> <span class='ocrx_word' id='word_1_104' title='bbox 1486 1302 1553 1352; x_wconf 85' lang='lat' dir='ltr'>ad</span> 
     </span>
    </p>
   </div>
   <div class='ocr_carea' id='block_1_3' title="bbox 168 1468 1560 2595">
    <p class='ocr_par' dir='ltr' id='par_1_3' title="bbox 195 1468 1554 1577">
     <span class='ocr_line' id='line_1_16' title="bbox 292 1468 1554 1522; baseline -0.001 -17"><span class='ocrx_word' id='word_1_105' title='bbox 292 1483 385 1519; x_wconf 84' lang='lat' dir='ltr'><strong><em>quae</em></strong></span> <span class='ocrx_word' id='word_1_106' title='bbox 395 1468 484 1522; x_wconf 72' lang='lat' dir='ltr'><strong><em>sint.</em></strong></span> <span class='ocrx_word' id='word_1_107' title='bbox 524 1471 587 1506; x_wconf 84' lang='lat' dir='ltr'>Sic</span> <span class='ocrx_word' id='word_1_108' title='bbox 609 1471 742 1506; x_wconf 85' lang='lat' dir='ltr'><strong>Turic.</strong></span> <span class='ocrx_word' id='word_1_109' title='bbox 767 1469 871 1505; x_wconf 82' lang='lat' dir='ltr'>Flor.</span> <span class='ocrx_word' id='word_1_110' title='bbox 887 1469 1053 1518; x_wconf 60' lang='lat' dir='ltr'>‘Reliqui</span> <span class='ocrx_word' id='word_1_111' title='bbox 1075 1468 1222 1518; x_wconf 53' lang='lat' dir='ltr'><em>«psum.</em></span> <span class='ocrx_word' id='word_1_112' title='bbox 1459 1483 1554 1518; x_wconf 78' lang='lat' dir='ltr'><em>quae</em></span> 
     </span>
     <span class='ocr_line' id='line_1_17' title="bbox 195 1518 1437 1577; baseline -0.001 -16"><span class='ocrx_word' id='word_1_113' title='bbox 195 1518 290 1577; x_wconf 73' lang='lat' dir='ltr'><strong><em>fine.</em></strong></span> <span class='ocrx_word' id='word_1_114' title='bbox 332 1527 465 1562; x_wconf 77' lang='lat' dir='ltr'><strong>Turio.</strong></span> <span class='ocrx_word' id='word_1_115' title='bbox 514 1529 576 1577; x_wconf 84' lang='lat' dir='ltr'>qui</span> <span class='ocrx_word' id='word_1_116' title='bbox 600 1525 659 1575; x_wconf 91' lang='lat' dir='ltr'>s.,</span> <span class='ocrx_word' id='word_1_117' title='bbox 702 1541 721 1561; x_wconf 83' lang='lat' dir='ltr'>a</span> <span class='ocrx_word' id='word_1_118' title='bbox 751 1527 819 1561; x_wconf 81' lang='lat' dir='ltr'>sec.</span> <span class='ocrx_word' id='word_1_119' title='bbox 850 1540 902 1561; x_wconf 83' lang='lat' dir='ltr'>m.</span> <span class='ocrx_word' id='word_1_120' title='bbox 946 1529 1024 1574; x_wconf 84' lang='lat' dir='ltr'><em>quis</em></span> <span class='ocrx_word' id='word_1_121' title='bbox 1050 1524 1084 1575; x_wconf 89' lang='lat' dir='ltr'><em>s</em></span> <span class='ocrx_word' id='word_1_122' title='bbox 1123 1527 1256 1574; x_wconf 85' lang='lat' dir='ltr'>Camp.</span> <span class='ocrx_word' id='word_1_123' title='bbox 1297 1539 1376 1561; x_wconf 83' lang='lat' dir='ltr'>cum</span> <span class='ocrx_word' id='word_1_124' title='bbox 1402 1524 1437 1574; x_wconf 87' lang='lat' dir='ltr'>s.</span> 
     </span>
    </p>

    <p class='ocr_par' dir='ltr' id='par_1_4' title="bbox 199 1582 1557 1914">
     <span class='ocr_line' id='line_1_18' title="bbox 282 1582 1551 1631; baseline 0.001 -12"><span class='ocrx_word' id='word_1_125' title='bbox 282 1585 376 1629; x_wconf 76' lang='lat' dir='ltr'><strong><em>jam.</em></strong></span> <span class='ocrx_word' id='word_1_126' title='bbox 410 1584 541 1620; x_wconf 79' lang='lat' dir='ltr'>Turic.</span> <span class='ocrx_word' id='word_1_127' title='bbox 574 1582 678 1619; x_wconf 80' lang='lat' dir='ltr'>Flor.</span> <span class='ocrx_word' id='word_1_128' title='bbox 710 1583 795 1627; x_wconf 84' lang='lat' dir='ltr'><strong>(hic</strong></span> <span class='ocrx_word' id='word_1_129' title='bbox 826 1595 844 1617; x_wconf 84' lang='lat' dir='ltr'>a</span> <span class='ocrx_word' id='word_1_130' title='bbox 872 1595 928 1631; x_wconf 82' lang='lat' dir='ltr'>pr.</span> <span class='ocrx_word' id='word_1_131' title='bbox 954 1584 1028 1625; x_wconf 81' lang='lat' dir='ltr'>m.)</span> <span class='ocrx_word' id='word_1_132' title='bbox 1069 1584 1219 1631; x_wconf 50' lang='lat' dir='ltr'><strong><em>imago„</em></strong></span> <span class='ocrx_word' id='word_1_133' title='bbox 1249 1582 1376 1619; x_wconf 82' lang='lat' dir='ltr'><strong>Guelf.</strong></span> <span class='ocrx_word' id='word_1_134' title='bbox 1418 1584 1551 1631; x_wconf 77' lang='lat' dir='ltr'>Camp-</span> 
     </span>
     <span class='ocr_line' id='line_1_19' title="bbox 204 1639 1557 1687; baseline 0 -12"><span class='ocrx_word' id='word_1_135' title='bbox 204 1640 405 1679; x_wconf 85' lang='lat' dir='ltr'><strong>omittunt.</strong></span> <span class='ocrx_word' id='word_1_136' title='bbox 462 1642 524 1675; x_wconf 82' lang='lat' dir='ltr'>Ex</span> <span class='ocrx_word' id='word_1_137' title='bbox 560 1639 662 1675; x_wconf 80' lang='lat' dir='ltr'>Alm.</span> <span class='ocrx_word' id='word_1_138' title='bbox 699 1639 855 1675; x_wconf 79' lang='lat' dir='ltr'>affertur</span> <span class='ocrx_word' id='word_1_139' title='bbox 897 1640 935 1674; x_wconf 75' lang='lat' dir='ltr'>in</span> <span class='ocrx_word' id='word_1_140' title='bbox 972 1649 1098 1687; x_wconf 79' lang='lat' dir='ltr'><strong><em>mago.</em></strong></span> <span class='ocrx_word' id='word_1_141' title='bbox 1162 1639 1256 1675; x_wconf 80' lang='lat' dir='ltr'><strong>Inde</strong></span> <span class='ocrx_word' id='word_1_142' title='bbox 1282 1641 1418 1674; x_wconf 77' lang='lat' dir='ltr'>Bunn.</span> <span class='ocrx_word' id='word_1_143' title='bbox 1453 1641 1557 1675; x_wconf 79' lang='lat' dir='ltr'><strong>eruit</strong></span> 
     </span>
     <span class='ocr_line' id='line_1_20' title="bbox 199 1694 1551 1746; baseline 0 -14"><span class='ocrx_word' id='word_1_144' title='bbox 199 1698 278 1743; x_wconf 76' lang='lat' dir='ltr'>jam</span> <span class='ocrx_word' id='word_1_145' title='bbox 299 1697 478 1741; x_wconf 79' lang='lat' dir='ltr'><strong><em>majores,</em></strong></span> <span class='ocrx_word' id='word_1_146' title='bbox 508 1696 644 1732; x_wconf 82' lang='lat' dir='ltr'>frustra</span> <span class='ocrx_word' id='word_1_147' title='bbox 668 1696 748 1731; x_wconf 80' lang='lat' dir='ltr'><strong>ille.</strong></span> <span class='ocrx_word' id='word_1_148' title='bbox 982 1694 1245 1746; x_wconf 61' lang='lat' dir='ltr'><strong><em>cognovfflenc.</em></strong></span> <span class='ocrx_word' id='word_1_149' title='bbox 1277 1696 1408 1732; x_wconf 78' lang='lat' dir='ltr'><strong>Turic.</strong></span> <span class='ocrx_word' id='word_1_150' title='bbox 1431 1696 1551 1732; x_wconf 79' lang='lat' dir='ltr'>Goth.</span> 
     </span>
     <span class='ocr_line' id='line_1_21' title="bbox 203 1750 1380 1803; baseline -0.002 -14"><span class='ocrx_word' id='word_1_151' title='bbox 203 1754 293 1799; x_wconf 79' lang='lat' dir='ltr'><strong>(tac.</strong></span> <span class='ocrx_word' id='word_1_152' title='bbox 316 1753 445 1797; x_wconf 82' lang='lat' dir='ltr'>Gesn.)</span> <span class='ocrx_word' id='word_1_153' title='bbox 471 1750 709 1802; x_wconf 59' lang='grc' dir='ltr'>εοςηουζθέε.</span> <span class='ocrx_word' id='word_1_154' title='bbox 743 1754 876 1801; x_wconf 80' lang='lat' dir='ltr'>Cnmp.</span> <span class='ocrx_word' id='word_1_155' title='bbox 910 1751 1129 1803; x_wconf 63' lang='lat' dir='ltr'><em>agnovssec.</em></span> <span class='ocrx_word' id='word_1_156' title='bbox 1378 1758 1380 1763; x_wconf 85' lang='grc'><strong>“</strong></span> 
     </span>
     <span class='ocr_line' id='line_1_22' title="bbox 215 1807 1555 1857; baseline 0 -14"><span class='ocrx_word' id='word_1_157' title='bbox 215 1814 217 1817; x_wconf 83' lang='grc'><strong>“</strong></span> <span class='ocrx_word' id='word_1_158' title='bbox 287 1816 323 1853; x_wconf 84' lang='grc'>5.</span> <span class='ocrx_word' id='word_1_159' title='bbox 354 1808 470 1857; x_wconf 82' lang='lat' dir='ltr'><strong><em>nefas.</em></strong></span> <span class='ocrx_word' id='word_1_160' title='bbox 511 1810 640 1844; x_wconf 78' lang='lat' dir='ltr'>Turio.</span> <span class='ocrx_word' id='word_1_161' title='bbox 665 1808 769 1844; x_wconf 83' lang='lat' dir='ltr'>Flor.</span> <span class='ocrx_word' id='word_1_162' title='bbox 805 1812 970 1844; x_wconf 82' lang='lat' dir='ltr'><strong><em>inventus</em></strong></span> <span class='ocrx_word' id='word_1_163' title='bbox 1023 1822 1110 1843; x_wconf 86' lang='lat' dir='ltr'>cum</span> <span class='ocrx_word' id='word_1_164' title='bbox 1131 1809 1236 1847; x_wconf 79' lang='lat' dir='ltr'><strong>Alm.</strong></span> <span class='ocrx_word' id='word_1_165' title='bbox 1272 1807 1344 1844; x_wconf 86' lang='lat' dir='ltr'><strong>Ille</strong></span> <span class='ocrx_word' id='word_1_166' title='bbox 1371 1823 1391 1843; x_wconf 87' lang='lat' dir='ltr'>a</span> <span class='ocrx_word' id='word_1_167' title='bbox 1412 1810 1479 1846; x_wconf 81' lang='lat' dir='ltr'>sec.</span> <span class='ocrx_word' id='word_1_168' title='bbox 1500 1822 1555 1844; x_wconf 84' lang='lat' dir='ltr'>m.</span> 
     </span>
     <span class='ocr_line' id='line_1_23' title="bbox 202 1861 1392 1914; baseline 0.001 -13"><span class='ocrx_word' id='word_1_169' title='bbox 202 1868 413 1906; x_wconf 74' lang='lat' dir='ltr'><strong><em>inventum,</em></strong></span> <span class='ocrx_word' id='word_1_170' title='bbox 442 1865 508 1900; x_wconf 90' lang='lat' dir='ltr'>hic</span> <span class='ocrx_word' id='word_1_171' title='bbox 527 1866 712 1903; x_wconf 79' lang='lat' dir='ltr'>nostrum.</span> <span class='ocrx_word' id='word_1_172' title='bbox 773 1868 849 1901; x_wconf 79' lang='lat' dir='ltr'>Pro</span> <span class='ocrx_word' id='word_1_173' title='bbox 870 1861 919 1913; x_wconf 79' lang='lat' dir='ltr'>eft</span> <span class='ocrx_word' id='word_1_174' title='bbox 941 1865 1075 1901; x_wconf 83' lang='lat' dir='ltr'>Turic.</span> <span class='ocrx_word' id='word_1_175' title='bbox 1098 1865 1137 1910; x_wconf 86' lang='lat' dir='ltr'>(a</span> <span class='ocrx_word' id='word_1_176' title='bbox 1159 1880 1217 1914; x_wconf 84' lang='lat' dir='ltr'>pr.</span> <span class='ocrx_word' id='word_1_177' title='bbox 1240 1866 1314 1909; x_wconf 86' lang='lat' dir='ltr'>m.)</span> <span class='ocrx_word' id='word_1_178' title='bbox 1345 1879 1392 1902; x_wconf 83' lang='lat' dir='ltr'>es.</span> 
     </span>
    </p>

    <p class='ocr_par' dir='ltr' id='par_1_5' title="bbox 201 1921 1554 2084">
     <span class='ocr_line' id='line_1_24' title="bbox 287 1921 1554 1972; baseline 0.001 -16"><span class='ocrx_word' id='word_1_179' title='bbox 287 1924 450 1972; x_wconf 82' lang='lat' dir='ltr'><em>reperiri.</em></span> <span class='ocrx_word' id='word_1_180' title='bbox 482 1922 613 1957; x_wconf 81' lang='lat' dir='ltr'><strong>Turio.</strong></span> <span class='ocrx_word' id='word_1_181' title='bbox 635 1921 739 1957; x_wconf 78' lang='lat' dir='ltr'><strong>Flor.</strong></span> <span class='ocrx_word' id='word_1_182' title='bbox 761 1921 845 1964; x_wconf 84' lang='lat' dir='ltr'><strong>(hic</strong></span> <span class='ocrx_word' id='word_1_183' title='bbox 867 1936 887 1956; x_wconf 82' lang='lat' dir='ltr'>a</span> <span class='ocrx_word' id='word_1_184' title='bbox 907 1934 966 1971; x_wconf 82' lang='lat' dir='ltr'>pr.</span> <span class='ocrx_word' id='word_1_185' title='bbox 986 1922 1060 1967; x_wconf 88' lang='lat' dir='ltr'>m.)</span> <span class='ocrx_word' id='word_1_186' title='bbox 1089 1925 1257 1972; x_wconf 77' lang='lat' dir='ltr'><strong><em>reperire.</em></strong></span> <span class='ocrx_word' id='word_1_187' title='bbox 1482 1924 1554 1958; x_wconf 84' lang='lat' dir='ltr'>An.</span> 
     </span>
     <span class='ocr_line' id='line_1_25' title="bbox 201 1977 1554 2026; baseline -0.001 -11"><span class='ocrx_word' id='word_1_188' title='bbox 201 1979 334 2015; x_wconf 81' lang='lat' dir='ltr'><strong>Turic.</strong></span> <span class='ocrx_word' id='word_1_189' title='bbox 367 1987 443 2013; x_wconf 83' lang='lat' dir='ltr'>tam</span> <span class='ocrx_word' id='word_1_190' title='bbox 476 1991 564 2014; x_wconf 89' lang='lat' dir='ltr'>cum</span> <span class='ocrx_word' id='word_1_191' title='bbox 595 1978 698 2013; x_wconf 76' lang='lat' dir='ltr'>Aim.</span> <span class='ocrx_word' id='word_1_192' title='bbox 730 1977 830 2026; x_wconf 84' lang='lat' dir='ltr'>(non</span> <span class='ocrx_word' id='word_1_193' title='bbox 860 1977 964 2015; x_wconf 89' lang='lat' dir='ltr'><strong>Flor.</strong></span> <span class='ocrx_word' id='word_1_194' title='bbox 1006 1978 1052 2014; x_wconf 82' lang='lat' dir='ltr'>cf.</span> <span class='ocrx_word' id='word_1_195' title='bbox 1082 1992 1154 2021; x_wconf 82' lang='lat'>10,</span> <span class='ocrx_word' id='word_1_196' title='bbox 1191 1993 1233 2022; x_wconf 83' lang='grc' dir='ltr'>ι,</span> <span class='ocrx_word' id='word_1_197' title='bbox 1269 1982 1404 2025; x_wconf 77' lang='lat'><strong>127.);</strong></span> <span class='ocrx_word' id='word_1_198' title='bbox 1435 1993 1455 2014; x_wconf 85' lang='lat' dir='ltr'><strong>a</strong></span> <span class='ocrx_word' id='word_1_199' title='bbox 1483 1979 1554 2014; x_wconf 84' lang='lat' dir='ltr'><strong>sec.</strong></span> 
     </span>
     <span class='ocr_line' id='line_1_26' title="bbox 201 2035 788 2084; baseline 0.003 -14"><span class='ocrx_word' id='word_1_200' title='bbox 201 2047 320 2071; x_wconf 84' lang='lat' dir='ltr'>manu</span> <span class='ocrx_word' id='word_1_201' title='bbox 356 2043 497 2075; x_wconf 79' lang='lat' dir='ltr'><strong><em>tamen,</em></strong></span> <span class='ocrx_word' id='word_1_202' title='bbox 528 2047 565 2069; x_wconf 87' lang='lat' dir='ltr'>et</span> <span class='ocrx_word' id='word_1_203' title='bbox 589 2035 636 2070; x_wconf 86' lang='lat' dir='ltr'>fic</span> <span class='ocrx_word' id='word_1_204' title='bbox 654 2036 788 2084; x_wconf 88' lang='lat' dir='ltr'><strong>Camp.</strong></span> 
     </span>
    </p>

    <p class='ocr_par' dir='ltr' id='par_1_6' title="bbox 204 2091 1556 2311">
     <span class='ocr_line' id='line_1_27' title="bbox 294 2091 1556 2141; baseline 0 -15"><span class='ocrx_word' id='word_1_205' title='bbox 294 2091 330 2126; x_wconf 82' lang='grc'>6.</span> <span class='ocrx_word' id='word_1_206' title='bbox 365 2092 588 2139; x_wconf 78' lang='lat' dir='ltr'><em>cujusquam.</em></span> <span class='ocrx_word' id='word_1_207' title='bbox 624 2091 752 2126; x_wconf 71' lang='lat' dir='ltr'><strong>Guelf.</strong></span> <span class='ocrx_word' id='word_1_208' title='bbox 775 2093 907 2140; x_wconf 80' lang='lat' dir='ltr'>Camp.</span> <span class='ocrx_word' id='word_1_209' title='bbox 930 2091 1100 2141; x_wconf 77' lang='lat' dir='ltr'><em>cuju-sque</em></span> <span class='ocrx_word' id='word_1_210' title='bbox 1130 2106 1218 2128; x_wconf 89' lang='lat' dir='ltr'>cum</span> <span class='ocrx_word' id='word_1_211' title='bbox 1237 2092 1357 2130; x_wconf 83' lang='lat' dir='ltr'><strong>Goth.</strong></span> <span class='ocrx_word' id='word_1_212' title='bbox 1387 2092 1472 2128; x_wconf 84' lang='lat' dir='ltr'>Nifi</span> <span class='ocrx_word' id='word_1_213' title='bbox 1491 2104 1556 2126; x_wconf 79' lang='lat' dir='ltr'>me</span> 
     </span>
     <span class='ocr_line' id='line_1_28' title="bbox 204 2145 1554 2198; baseline 0.001 -16"><span class='ocrx_word' id='word_1_214' title='bbox 204 2146 391 2182; x_wconf 76' lang='lat' dir='ltr'><strong>retineret</strong></span> <span class='ocrx_word' id='word_1_215' title='bbox 417 2145 758 2182; x_wconf 77' lang='lat' dir='ltr'>vetufliffimorum</span> <span class='ocrx_word' id='word_1_216' title='bbox 788 2147 982 2183; x_wconf 80' lang='lat' dir='ltr'>librorum</span> <span class='ocrx_word' id='word_1_217' title='bbox 1022 2148 1190 2197; x_wconf 80' lang='lat' dir='ltr'>religio,</span> <span class='ocrx_word' id='word_1_218' title='bbox 1243 2149 1401 2185; x_wconf 80' lang='lat' dir='ltr'><strong>mallem</strong></span> <span class='ocrx_word' id='word_1_219' title='bbox 1430 2160 1554 2198; x_wconf 82' lang='lat' dir='ltr'>prope</span> 
     </span>
     <span class='ocr_line' id='line_1_29' title="bbox 206 2201 1554 2251; baseline 0.002 -15"><span class='ocrx_word' id='word_1_220' title='bbox 206 2201 294 2243; x_wconf 84' lang='lat' dir='ltr'><strong>hoc,</strong></span> <span class='ocrx_word' id='word_1_221' title='bbox 327 2202 508 2250; x_wconf 79' lang='lat' dir='ltr'>potestate</span> <span class='ocrx_word' id='word_1_222' title='bbox 532 2215 585 2242; x_wconf 81' lang='lat' dir='ltr'>ea,</span> <span class='ocrx_word' id='word_1_223' title='bbox 619 2203 664 2236; x_wconf 89' lang='lat' dir='ltr'>de</span> <span class='ocrx_word' id='word_1_224' title='bbox 686 2215 760 2249; x_wconf 84' lang='lat' dir='ltr'>qua</span> <span class='ocrx_word' id='word_1_225' title='bbox 782 2203 845 2251; x_wconf 83' lang='lat' dir='ltr'>egi</span> <span class='ocrx_word' id='word_1_226' title='bbox 864 2204 968 2251; x_wconf 53' lang='lat' dir='ltr'>adst,</span> <span class='ocrx_word' id='word_1_227' title='bbox 1004 2219 1039 2246; x_wconf 84' lang='lat'>1,</span> <span class='ocrx_word' id='word_1_228' title='bbox 1073 2206 1138 2251; x_wconf 79' lang='lat'>46.</span> <span class='ocrx_word' id='word_1_229' title='bbox 1173 2207 1220 2240; x_wconf 90' lang='lat' dir='ltr'>In</span> <span class='ocrx_word' id='word_1_230' title='bbox 1243 2204 1426 2241; x_wconf 80' lang='lat' dir='ltr'>omnibus</span> <span class='ocrx_word' id='word_1_231' title='bbox 1448 2205 1554 2240; x_wconf 82' lang='lat' dir='ltr'>enim</span> 
     </span>
     <span class='ocr_line' id='line_1_30' title="bbox 207 2256 1462 2311; baseline 0.003 -19"><span class='ocrx_word' id='word_1_232' title='bbox 207 2257 354 2294; x_wconf 82' lang='lat' dir='ltr'>artibus</span> <span class='ocrx_word' id='word_1_233' title='bbox 374 2256 436 2305; x_wconf 79' lang='lat' dir='ltr'>(ea</span> <span class='ocrx_word' id='word_1_234' title='bbox 461 2257 511 2292; x_wconf 88' lang='lat' dir='ltr'>est</span> <span class='ocrx_word' id='word_1_235' title='bbox 536 2271 699 2306; x_wconf 73' lang='lat' dir='ltr'><strong><em>quaeque</em></strong></span> <span class='ocrx_word' id='word_1_236' title='bbox 722 2261 796 2306; x_wconf 79' lang='lat' dir='ltr'><em>res)</em></span> <span class='ocrx_word' id='word_1_237' title='bbox 813 2259 993 2307; x_wconf 79' lang='lat' dir='ltr'>magistro</span> <span class='ocrx_word' id='word_1_238' title='bbox 1022 2273 1228 2297; x_wconf 82' lang='lat' dir='ltr'>caruerunt</span> <span class='ocrx_word' id='word_1_239' title='bbox 1245 2262 1368 2311; x_wconf 81' lang='lat' dir='ltr'>primi</span> <span class='ocrx_word' id='word_1_240' title='bbox 1387 2261 1462 2296; x_wconf 85' lang='lat' dir='ltr'><strong>illi.</strong></span> 
     </span>
    </p>

    <p class='ocr_par' dir='ltr' id='par_1_7' title="bbox 206 2314 1555 2419">
     <span class='ocr_line' id='line_1_31' title="bbox 291 2314 1555 2354; baseline 0.005 -6"><span class='ocrx_word' id='word_1_241' title='bbox 291 2314 504 2350; x_wconf 75' lang='lat' dir='ltr'><strong><em>habuerunt.</em></strong></span> <span class='ocrx_word' id='word_1_242' title='bbox 535 2315 632 2353; x_wconf 83' lang='lat' dir='ltr'>Jens.</span> <span class='ocrx_word' id='word_1_243' title='bbox 654 2315 770 2349; x_wconf 77' lang='lat' dir='ltr'><strong>Tarv.</strong></span> <span class='ocrx_word' id='word_1_244' title='bbox 794 2314 882 2350; x_wconf 83' lang='lat' dir='ltr'><strong>Ald.</strong></span> <span class='ocrx_word' id='word_1_245' title='bbox 910 2315 1115 2351; x_wconf 77' lang='lat' dir='ltr'><strong><em>habuerint.</em></strong></span> <span class='ocrx_word' id='word_1_246' title='bbox 1319 2319 1555 2354; x_wconf 78' lang='lat' dir='ltr'><strong><em>tradiderint·</em></strong></span> 
     </span>
     <span class='ocr_line' id='line_1_32' title="bbox 206 2369 1513 2419; baseline 0.002 -13"><span class='ocrx_word' id='word_1_247' title='bbox 206 2371 339 2406; x_wconf 78' lang='lat' dir='ltr'><strong>Turio.</strong></span> <span class='ocrx_word' id='word_1_248' title='bbox 362 2370 466 2405; x_wconf 83' lang='lat' dir='ltr'>Flor.</span> <span class='ocrx_word' id='word_1_249' title='bbox 493 2369 620 2406; x_wconf 87' lang='lat' dir='ltr'>Guelf.</span> <span class='ocrx_word' id='word_1_250' title='bbox 644 2371 776 2419; x_wconf 81' lang='lat' dir='ltr'>Camp.</span> <span class='ocrx_word' id='word_1_251' title='bbox 803 2371 1035 2408; x_wconf 75' lang='lat' dir='ltr'><strong><em>tradiderunt</em></strong></span> <span class='ocrx_word' id='word_1_252' title='bbox 1055 2385 1141 2408; x_wconf 88' lang='lat' dir='ltr'>cum</span> <span class='ocrx_word' id='word_1_253' title='bbox 1163 2375 1260 2413; x_wconf 84' lang='lat' dir='ltr'>Jenr.</span> <span class='ocrx_word' id='word_1_254' title='bbox 1282 2374 1400 2411; x_wconf 83' lang='lat' dir='ltr'><strong>Tarv.</strong></span> <span class='ocrx_word' id='word_1_255' title='bbox 1422 2374 1513 2410; x_wconf 81' lang='lat' dir='ltr'><strong>Ald-</strong></span> 
     </span>
    </p>

    <p class='ocr_par' dir='ltr' id='par_1_8' title="bbox 168 2425 1560 2595">
     <span class='ocr_line' id='line_1_33' title="bbox 289 2425 1512 2476; baseline 0.004 -15"><span class='ocrx_word' id='word_1_256' title='bbox 289 2425 382 2476; x_wconf 82' lang='lat' dir='ltr'><em>usus.</em></span> <span class='ocrx_word' id='word_1_257' title='bbox 412 2427 543 2461; x_wconf 85' lang='lat' dir='ltr'><strong>Turic.</strong></span> <span class='ocrx_word' id='word_1_258' title='bbox 567 2425 670 2460; x_wconf 84' lang='lat' dir='ltr'><strong>Flor.</strong></span> <span class='ocrx_word' id='word_1_259' title='bbox 695 2426 779 2471; x_wconf 81' lang='lat' dir='ltr'><strong>(hic</strong></span> <span class='ocrx_word' id='word_1_260' title='bbox 799 2441 818 2461; x_wconf 87' lang='lat' dir='ltr'>a</span> <span class='ocrx_word' id='word_1_261' title='bbox 836 2441 895 2476; x_wconf 83' lang='lat' dir='ltr'>pr.</span> <span class='ocrx_word' id='word_1_262' title='bbox 915 2431 1052 2470; x_wconf 77' lang='lat' dir='ltr'>manu)</span> <span class='ocrx_word' id='word_1_263' title='bbox 1074 2430 1261 2466; x_wconf 83' lang='lat' dir='ltr'><strong>omittunt</strong></span> <span class='ocrx_word' id='word_1_264' title='bbox 1298 2443 1388 2466; x_wconf 87' lang='lat' dir='ltr'>cum</span> <span class='ocrx_word' id='word_1_265' title='bbox 1411 2430 1512 2466; x_wconf 87' lang='lat' dir='ltr'>Alm.</span> 
     </span>
     <span class='ocr_line' id='line_1_34' title="bbox 293 2482 1559 2535; baseline 0.005 -18"><span class='ocrx_word' id='word_1_266' title='bbox 293 2483 466 2518; x_wconf 85' lang='lat' dir='ltr'><em>aliarum.</em></span> <span class='ocrx_word' id='word_1_267' title='bbox 496 2482 630 2518; x_wconf 77' lang='lat' dir='ltr'><strong>Turic.</strong></span> <span class='ocrx_word' id='word_1_268' title='bbox 652 2482 775 2527; x_wconf 28' lang='lat' dir='ltr'>&gt;flou</span> <span class='ocrx_word' id='word_1_269' title='bbox 810 2487 847 2525; x_wconf 82' lang='lat' dir='ltr'>(a</span> <span class='ocrx_word' id='word_1_270' title='bbox 875 2496 932 2531; x_wconf 75' lang='lat' dir='ltr'>pr.</span> <span class='ocrx_word' id='word_1_271' title='bbox 963 2497 1016 2522; x_wconf 80' lang='lat' dir='ltr'>m.</span> <span class='ocrx_word' id='word_1_272' title='bbox 1048 2488 1230 2535; x_wconf 83' lang='lat' dir='ltr'>uterque)</span> <span class='ocrx_word' id='word_1_273' title='bbox 1259 2487 1429 2523; x_wconf 84' lang='lat' dir='ltr'><em>aliorum.</em></span> <span class='ocrx_word' id='word_1_274' title='bbox 1462 2489 1559 2525; x_wconf 85' lang='lat' dir='ltr'><strong>Loc.</strong></span> 
     </span>
     <span class='ocr_line' id='line_1_35' title="bbox 168 2538 1560 2595; baseline 0.001 -20"><span class='ocrx_word' id='word_1_275' title='bbox 168 2575 172 2581; x_wconf 14' lang='grc' dir='ltr'>ζ</span> <span class='ocrx_word' id='word_1_276' title='bbox 207 2540 356 2576; x_wconf 75' lang='grc' dir='ltr'>ιἨανιὶηι</span> <span class='ocrx_word' id='word_1_277' title='bbox 384 2551 473 2573; x_wconf 89' lang='lat' dir='ltr'>cum</span> <span class='ocrx_word' id='word_1_278' title='bbox 504 2538 664 2588; x_wconf 81' lang='lat' dir='ltr'>posterr.</span> <span class='ocrx_word' id='word_1_279' title='bbox 700 2539 784 2575; x_wconf 83' lang='lat' dir='ltr'><strong>edd.</strong></span> <span class='ocrx_word' id='word_1_280' title='bbox 815 2550 900 2575; x_wconf 85' lang='lat' dir='ltr'>ante</span> <span class='ocrx_word' id='word_1_281' title='bbox 919 2539 1011 2577; x_wconf 80' lang='lat' dir='ltr'>Bad.</span> <span class='ocrx_word' id='word_1_282' title='bbox 1042 2554 1118 2579; x_wconf 84' lang='lat' dir='ltr'><strong>acc.</strong></span> <span class='ocrx_word' id='word_1_283' title='bbox 1149 2542 1259 2579; x_wconf 65' lang='lat' dir='ltr'><strong>Bafih</strong></span> <span class='ocrx_word' id='word_1_284' title='bbox 1284 2544 1433 2595; x_wconf 67' lang='lat' dir='ltr'><strong>Gryph.</strong></span> <span class='ocrx_word' id='word_1_285' title='bbox 1465 2544 1560 2579; x_wconf 85' lang='lat' dir='ltr'><strong>item</strong></span> 
     </span>
    </p>
   </div>
   <div class='ocr_carea' id='block_1_4' title="bbox 205 2647 1559 2762">
    <p class='ocr_par' dir='ltr' id='par_1_9' title="bbox 205 2647 1559 2762">
     <span class='ocr_line' id='line_1_36' title="bbox 260 2647 1559 2704; baseline 0.002 -18"><span class='ocrx_word' id='word_1_286' title='bbox 260 2658 297 2694; x_wconf 85' lang='lat'>5.</span> <span class='ocrx_word' id='word_1_287' title='bbox 330 2651 402 2686; x_wconf 84' lang='lat' dir='ltr'>Cur·</span> <span class='ocrx_word' id='word_1_288' title='bbox 442 2651 557 2698; x_wconf 74' lang='lat' dir='ltr'><em>igitur</em></span> <span class='ocrx_word' id='word_1_289' title='bbox 594 2648 712 2698; x_wconf 77' lang='lat' dir='ltr'><em>nefas.</em></span> <span class='ocrx_word' id='word_1_290' title='bbox 772 2655 854 2696; x_wconf 76' lang='lat' dir='ltr'>„Ut</span> <span class='ocrx_word' id='word_1_291' title='bbox 911 2651 1058 2701; x_wconf 79' lang='lat' dir='ltr'><em>„fatum</em></span> <span class='ocrx_word' id='word_1_292' title='bbox 1092 2656 1288 2704; x_wconf 77' lang='lat' dir='ltr'><strong>quoddam</strong></span> <span class='ocrx_word' id='word_1_293' title='bbox 1330 2647 1407 2692; x_wconf 74' lang='lat' dir='ltr'>five</span> <span class='ocrx_word' id='word_1_294' title='bbox 1440 2666 1559 2691; x_wconf 79' lang='lat' dir='ltr'>aeter-</span> 
     </span>
     <span class='ocr_line' id='line_1_37' title="bbox 205 2705 1558 2762; baseline 0.004 -21"><span class='ocrx_word' id='word_1_295' title='bbox 205 2705 297 2747; x_wconf 83' lang='lat' dir='ltr'><strong>„hic</strong></span> <span class='ocrx_word' id='word_1_296' title='bbox 328 2706 457 2755; x_wconf 81' lang='lat' dir='ltr'><em>nefas,</em></span> <span class='ocrx_word' id='word_1_297' title='bbox 485 2707 533 2741; x_wconf 75' lang='lat' dir='ltr'>fio</span> <span class='ocrx_word' id='word_1_298' title='bbox 567 2705 634 2754; x_wconf 80' lang='lat' dir='ltr'>fas</span> <span class='ocrx_word' id='word_1_299' title='bbox 673 2707 698 2742; x_wconf 86' lang='lat' dir='ltr'>s.</span> <span class='ocrx_word' id='word_1_300' title='bbox 729 2722 766 2759; x_wconf 80' lang='lat'>9.</span> <span class='ocrx_word' id='word_1_301' title='bbox 800 2710 855 2745; x_wconf 21' lang='lat' dir='ltr'>*ad</span> <span class='ocrx_word' id='word_1_302' title='bbox 912 2724 1027 2754; x_wconf 77' lang='lat' dir='ltr'><strong>„nam</strong></span> <span class='ocrx_word' id='word_1_303' title='bbox 1071 2711 1198 2762; x_wconf 81' lang='lat' dir='ltr'>legem</span> <span class='ocrx_word' id='word_1_304' title='bbox 1233 2707 1421 2754; x_wconf 76' lang='lat' dir='ltr'><strong>refert&#39;ur,</strong></span> <span class='ocrx_word' id='word_1_305' title='bbox 1485 2724 1558 2760; x_wconf 85' lang='lat' dir='ltr'>qua</span> 
     </span>
    </p>
   </div>
  </div>
 </body>
</html>
