1676 3028
161 201 252 243 113
461 190 535 235 M.
581 191 711 235 FAB.
762 190 1175 252 QUINTILIANI

100 305 103 311 ’
158 312 410 362 eruendas
444 312 566 360 alias
599 329 708 360 non
740 313 999 377 proderit,
1034 313 1122 361 sed.
1149 315 1293 364 nihil«
1316 316 1485 365 liabe-·
1523 306 1530 309 ³

158 388 358 444 bimus,
397 386 492 436 nisi
526 387 765 436 beneficii
798 390 987 436 alieni?
1028 390 1476 452 quemadmodum

163 463 381 528 quidam
421 464 643 527 pictores
696 466 753 512 in
796 464 854 512 id
901 463 1069 512 solum
1114 463 1348 523 student,
1419 476 1479 514 ut

163 538 447 587 describere
490 539 684 585 tabulas
725 538 978 587 mensuris
1020 556 1074 585 ac
1117 540 1270 588 lineis
1306 539 1476 589 sciant.

117 635 140 668 7
169 619 348 679 Turpe
368 615 520 661 etiam
546 613 680 660 illud
708 613 793 670 est,
833 624 1133 662 contentum
1160 611 1255 663 esse
1280 615 1335 663 id
1362 633 1486 665 con-

159 689 322 752 sequi,
363 688 508 753 quod
539 690 768 737 imiteris.
848 691 988 737 Nam
1018 687 1195 750 rursus
1227 689 1358 753 quid.
1377 701 1484 739 erat

157 763 428 821 futurum,
492 762 529 810 [i
558 780 714 812 nemo
748 765 866 829 plus
906 760 1144 812 effecisset
1182 781 1270 823 eo,
1330 781 1490 828 quem

160 905 260 940 Gibs.
293 904 388 940 Obr.
422 906 580 953 Capper.
616 907 712 940 Mox
740 918 811 952 pro
845 906 1019 940 eruendas
1059 905 1190 940 Turio.
1222 904 1325 940 Flor.
1358 904 1444 948 (hic
1467 919 1489 941 a

159 972 218 1008 pr.
241 959 314 1004 m.)
337 959 462 1002 Guelf.
487 962 616 1009 Camp.
642 961 856 995 erudiendas
878 973 963 994 cum
984 956 1096 995 Bern.
1128 971 1164 995 et
1185 961 1269 996 edd.
1295 971 1378 996 ante
1400 960 1488 996 Ald-

159 1015 356 1055 Nostrum,
369 1015 474 1062 quod
491 1017 682 1061 conjicere
695 1017 862 1055 videtur,
874 1026 936 1050 aut
950 1015 1077 1058 videri
1093 1014 1190 1055 vult,
1204 1015 1358 1062 Regius,
1371 1015 1490 1054 Goth.

159 1070 260 1107 Vall.
292 1071 385 1105 item
409 1070 507 1105 Alm.
541 1073 675 1106 Fateor
705 1082 829 1106 tamen
858 1070 1060 1118 displicere
1090 1071 1190 1104 mihi
1220 1073 1272 1105 rei
1304 1082 1341 1106 et
1373 1085 1492 1106 rerum

162 1126 512 1167 continuationem,
558 1127 600 1160 in
645 1126 873 1173 quotidiano
904 1125 975 1160 illo
1006 1126 1172 1160 maxime
1204 1128 1256 1160 rei
1286 1119 1501 1172 vocabulb's

162 1181 267 1229 quod
298 1181 420 1228 ipsum
452 1181 676 1228 languorem
706 1182 904 1228 ingenerat
941 1181 1121 1216 orationi,
1207 1181 1355 1221 Etiam,
1412 1175 1495 1228 qud-

160 1237 320 1271 nomine
346 1237 486 1272 Badius
519 1229 674 1271 alibrum
705 1247 832 1271 tuetur
861 1249 949 1284 prae
984 1237 1139 1278 illarum,
1171 1238 1257 1272 usus
1280 1236 1491 1271 notiffimae

161 1290 372 1342 locutionis
393 1293 547 1327 aliarum
569 1293 663 1326 alias
693 1291 758 1325 hic
784 1291 938 1337 quidem
972 1304 1050 1326 non
1075 1291 1170 1327 bene
1195 1291 1390 1340 procedit,
1422 1290 1493 1326 ubi

161 1347 311 1382 nonnifi
339 1346 519 1395 bipertita
551 1347 684 1382 divifio
717 1344 967 1393 intelligitur,
998 1357 1042 1381 nt
1062 1359 1183 1382 novae
1204 1359 1263 1382 res
1283 1359 1329 1381 ex
1349 1345 1492 1394 priori·

161 1401 233 1437 bus
265 1401 345 1436 illis
375 1413 572 1442 eruantur,
613 1415 692 1437 non
727 1402 822 1436 aliae
856 1414 898 1435 ex
928 1401 1022 1436 aliis.
1084 1403 1199 1448 Quod
1234 1403 1259 1436 fi
1286 1411 1491 1449 peteretur,

161 1458 304 1505 positus
328 1457 412 1493 talis
435 1458 610 1494 decebat:
641 1471 757 1491 rerum
779 1457 932 1492 aliarum
953 1458 1001 1491 ad
1020 1458 1112 1492 alias
1131 1458 1305 1491 eruendas
1329 1456 1420 1504 usus.

247 1513 407 1560 quidam.
438 1513 567 1548 Turio.
601 1521 712 1560 poeta
740 1520 795 1551 et,
834 1525 852 1545 a
886 1512 951 1545 sec.
984 1525 1097 1545 manu
1125 1520 1257 1558 poetae
1294 1520 1350 1552 et,
1382 1521 1419 1546 et
1444 1511 1493 1546 fio

164 1567 294 1615 Camp.
529 1567 726 1616 describere
748 1584 800 1592 -
823 1565 1001 1614 mensuris.
1025 1567 1154 1601 Turic.
1181 1565 1283 1601 Flor.
1306 1568 1344 1610 (a
1363 1579 1420 1615 pr.
1441 1578 1494 1600 m.

163 1624 344 1670 uterque)
367 1622 606 1671 describerent
630 1643 684 1649 --
706 1621 898 1670 mensuras.
931 1621 1054 1656 Guelf.
1082 1622 1118 1657 d.
1142 1621 1266 1656 tabula
1286 1636 1327 1656 ac
1347 1636 1392 1656 m.

249 1688 284 1721 7.
315 1680 436 1713 etiam.
467 1678 583 1714 Goth.
606 1677 694 1723 (tac.
717 1676 846 1724 Gesn.)
867 1679 972 1711 em'm.
1202 1675 1382 1725 consequi,
1396 1676 1495 1725 quotl

165 1735 326 1767 imiteris.
357 1732 487 1768 Turic.
519 1733 686 1782 consequi
718 1733 913 1771 dimite-ris,
957 1746 976 1766 a
1005 1733 1072 1767 sec.
1102 1745 1218 1766 manu
1254 1731 1421 1780 consequi
1450 1732 1496 1766 de

165 1790 298 1824 metris.
329 1789 433 1825 Voff.
456 1799 491 1824 2.
529 1803 557 1823 c.
584 1788 682 1837 quod
710 1790 860 1823 mireris.
1088 1788 1185 1821 Nam
1205 1785 1332 1835 rursus.
1364 1787 1495 1822 Turio.

165 1843 281 1891 rursus
310 1857 404 1879 nam.
629 1852 716 1878 erat.
750 1843 866 1878 Goth.
901 1840 997 1891 effac.
1227 1855 1343 1877 nemo.
1377 1841 1495 1884 Goth.

165 1900 268 1933 nihil.
499 1897 681 1948 effeciffe—t.
715 1898 842 1935 Guelf.
873 1895 1017 1946 efficiet.
1049 1898 1180 1945 Camp.
1205 1894 1382 1946 qfficiffiet.

247 1968 302 1995 eo,
324 1967 438 2002 quem.
469 1955 564 1992 Jens.
597 1955 711 1989 Tarv.
734 1967 775 1988 eo
804 1967 907 2002 quae.
939 1954 1083 1988 Locat„
1105 1966 1147 1987 eo
1177 1952 1275 2001 quod
1301 1965 1387 1987 cum
1411 1952 1496 1988 edd.

161 2010 315 2058 posterr.
350 2020 434 2044 ante
465 2009 556 2044 Bad.
584 2009 657 2056 qui
687 2009 895 2049 verbosius,
927 2009 990 2042 etsi
1021 2020 1100 2042 non
1130 2010 1203 2042 fine
1231 2008 1418 2048 acumine,
1449 2007 1496 2043 de

162 2120 443 2169 „perfectiones
461 2129 589 2153 rerum
609 2117 802 2170 poffibiles
858 2119 936 2158 „Et
954 2119 1104 2166 quoties
1126 2119 1211 2154 licet
1226 2118 1277 2154 ita
1296 2118 1497 2167 ponitur.“

164 2172 470 2219 ,,(Φιλοσοφητεόν
498 2172 588 2220 γὰρ)
627 2173 804 2208 determi-
861 2174 1056 2209 Gesnerus.

164 2241 346 2270 „nanturt
371 2230 408 2264 h.
433 2242 548 2276 e.qua
570 2229 625 2263 sui
648 2229 803 2276 qnidam
919 2229 954 2264 6.
1013 2231 1170 2276 pictores
1207 2247 1260 2257 --
1299 2244 1341 2265 ac
1393 2230 1497 2265 lineis

169 2285 288 2327 „fines
315 2285 429 2320 rebus
452 2297 656 2331 earumque
682 2285 804 2319 virtu'-
853 2282 987 2332 sciant.
1057 2287 1190 2320 Fateor
1238 2298 1372 2333 parum
1419 2284 1514 2320 hoc-

168 2341 298 2382 „tibus
320 2339 559 2387 affignantur,
590 2338 688 2373 ultra
709 2352 804 2386 quos
863 2341 946 2386 capi
973 2354 992 2374 a
1022 2353 1093 2380 me,
1124 2341 1193 2375 nisi
1228 2340 1326 2375 forte
1352 2339 1496 2375 intelli-

167 2395 386 2436 „ascendere
428 2407 494 2442 per
545 2394 807 2429 conditionem
865 2406 1001 2442 gantur
1031 2396 1061 2429 ii
1090 2396 1278 2444 pictores,
1329 2395 1416 2442 qui,
1452 2405 1497 2429 ut

168 2451 296 2496 „suam
327 2448 407 2485 illis
437 2462 516 2484 non
542 2448 665 2483 liceat.
742 2449 804 2484 Sic
860 2449 980 2484 aliena
1013 2463 1126 2497 opera
1161 2451 1203 2485 in
1239 2451 1317 2485 suas
1351 2448 1495 2484 tabulas

170 2520 247 2546 „11
267 2531 277 2545 ,
308 2513 352 2548 5,
390 2511 475 2548 ¹8¹·
531 2504 657 2551 Neque
684 2512 805 2538 tamen
861 2504 1065 2552 diligenter
1094 2505 1335 2545 transferant,
1375 2506 1496 2552 fingu-

170 2561 291 2601 „illud
312 2555 360 2606 est
377 2558 493 2607 nefas.
552 2558 686 2593 Simile
714 2572 806 2593 mox
860 2559 913 2594 las
944 2572 1077 2595 eorum
1107 2571 1228 2608 partes
1260 2570 1365 2594 antea
1391 2572 1494 2594 men·

170 2628 263 2655 ‚‚1o‚
287 2626 324 2655 2,
347 2614 410 2650 26.
450 2615 585 2649 Totum
610 2616 807 2660 exprimere
861 2615 956 2650 furis
975 2626 1012 2650 et
1035 2614 1148 2650 lineis
1173 2615 1437 2650 dimetiuntur.

173 2683 315 2718 „paene
337 2697 340 2702 .
364 2670 508 2712 ¹homini
556 2667 804 2718 inconceffum.
921 2680 956 2714 7.
991 2671 1091 2705 Nam
1111 2668 1494 2719 rursus-*Adverbium
