1676 3028
312 206 474 269 INST.
512 222 789 268 ORATOR.
822 222 943 267 Lm.
969 221 1065 270 xl.
1103 186 1170 267 α]
1300 232 1396 279 323

62 353 179 429 qui
170 351 327 401 hunc
346 348 610 399 honorem
629 356 1002 405 mererentur,
1018 347 1207 395 iterare
1229 345 1398 396 decla-

23 429 313 481 mationis
347 437 547 494 partem
582 422 844 491 co'egiffet:
884 440 981 473 nec
1014 422 1088 472 est
1119 423 1396 473 mendacio

67 507 239 564 locus,
268 503 422 554 salvis
441 503 535 568 qui
555 500 927 551 interfuerunt.
1003 502 1058 551 Si
1081 501 1198 567 quis
1222 512 1396 550 tamen
1419 510 1471 549 40

67 600 231 634 unam
278 581 663 645 maximamque
711 595 738 626 a
795 595 880 626 me
921 588 1083 627 artem
1112 579 1398 628 memoriae

0 692 3 696 ,
31 655 49 666 ⁸
68 668 298 724 quaerat,
311 658 606 722 exercitatio
621 653 692 703 eft
704 666 756 704 et
778 654 923 704 labor
936 656 1142 704 :multa
1157 653 1398 714 ediscere,

27 764 29 766 ·
63 737 233 795 multa
253 736 494 800 cogitare,
517 743 582 790 et,
603 731 645 780 fi
667 730 780 781 fieri
805 731 989 798 potest,
1021 732 1280 797 quotidie,
1302 749 1400 798 po·-

63 801 410 861 tentisfimurn
435 809 520 859 est.
557 809 714 858 Nihil
728 819 891 874 aeque
909 809 992 858 vel
1014 820 1238 874 augetur
1259 826 1399 867 cura,

62 889 155 938 vel
164 887 480 954 negligentia
492 885 771 934 intercidit.
798 890 970 954 Quare
984 896 1035 934 et
1046 887 1201 953 pueri
1215 885 1399 945 statim,
1421 898 1471 938 4²

64 974 129 1015 ut
153 964 411 1032 praecepi,
436 978 591 1027 quam
617 962 848 1027 plurima
875 960 1119 1020 ediscant,
1151 973 1217 1023 et,
1239 979 1400 1028 quae-

54 1049 276 1106 ‘cunque
317 1049 450 1088 aetas
479 1054 693 1105 operam
712 1041 807 1100 juv
795 1037 974 1086 andae
999 1037 1174 1087 studio
1195 1055 1399 1089 memo-

64 1120 174 1168 'riae
203 1116 348 1166 dabit
345 1153 374 1187 θ
432 1115 651 1164 devoret
693 1114 851 1163 initio
880 1113 1146 1168 taedium
1164 1115 1305 1164 illud
1345 1126 1398 1164 et

38 1192 254 1269 scripta
297 1202 348 1242 et
379 1193 511 1240 lecta
550 1182 752 1257 saepius
791 1207 884 1240 rev
872 1190 1135 1249 olvendi‚
1171 1202 1223 1240 et
1252 1190 1402 1257 quali.

38 1249 306 1319 eundem
324 1269 502 1317 cibum
525 1266 883 1316 remandendi.
925 1268 1086 1336 Quod
1105 1267 1279 1333 ipsum
1294 1269 1401 1318 hoc

0 1344 194 1406 »94fieri
222 1344 391 1412 potest
420 1344 621 1403 levius,
661 1343 700 1392 si
720 1360 883 1410 pauca
904 1345 1166 1410 primum,
1195 1355 1246 1393 et
1265 1362 1400 1411 quae

18 1527 22 1530 ,
69 1489 202 1526 bantur
228 1500 317 1524 cum
337 1486 442 1525 Voss'.
466 1497 502 1532 3.
538 1486 732 1523 Ordinant
751 1486 868 1524 Goth.
898 1487 996 1526 Jens.
1022 1485 1123 1532 (tac.
1150 1488 1290 1531 Gesn.)
1311 1500 1401 1525 cum

69 1546 155 1582 edd.
175 1544 330 1593 posterr.
353 1555 438 1580 ante
459 1546 580 1580 Stoer.
600 1543 675 1579 ita:
708 1544 876 1579 mediocr.
900 1557 1002 1580 mem.
1029 1544 1135 1592 quod
1156 1545 1281 1580 nescio
1302 1557 1400 1593 quo-

67 1601 189 1639 modo
219 1600 447 1650 praeplacet.
679 1598 858 1648 coiigzffet.
884 1599 1012 1636 Guelf.
1034 1601 1132 1635 Exc.
1161 1602 1312 1637 Santen.
1342 1615 1402 1638 co-

67 1649 228 1707 gitaffet.
259 1658 359 1692 Mox
377 1655 529 1704 lepidus
549 1655 591 1690 in
611 1655 713 1692 Voss‘.
730 1665 767 1699 3.
790 1669 898 1691 error
920 1656 1127 1691 emendatio
1146 1669 1217 1704 pro
1240 1655 1289 1706 est
1302 1672 1400 1694 rnen-

62 1714 200 1753 dacio:
230 1723 268 1748 et
294 1712 406 1761 plane
437 1711 711 1748 somnolentiae
732 1711 848 1747 index
870 1712 912 1746 in
928 1713 1031 1748 Voss’.
1061 1727 1094 1747 1.
1126 1713 1308 1749 honorare
1325 1728 1399 1764 pro

70 1771 215 1805 iterare.
259 1770 334 1804 Pro
357 1783 419 1803 nec
437 1765 487 1816 est
508 1782 554 1802 m.
583 1766 686 1802 Flor.
715 1769 762 1812 (a
781 1781 838 1815 pr.
860 1769 943 1814 m.)
963 1767 1097 1816 nec-effe
1117 1767 1167 1815 est
1188 1783 1233 1806 m.
1274 1772 1399 1808 Modo

69 1823 200 1861 Guelf.
224 1827 419 1860 merentur.
438 1823 542 1859 Plor-
564 1825 649 1871 quia
673 1823 765 1857 hunc
783 1835 856 1871 pro
877 1825 939 1871 qui
959 1824 1002 1871 Ιι.Α

158 1897 222 1936 4ο.
250 1889 417 1940 ediscere.
440 1891 473 1926 T
478 1890 572 1926 urie.
591 1888 695 1925 Flor.
720 1890 852 1938 Camp.
877 1890 1023 1940 discere.
1053 1893 1152 1928 Mox
1165 1891 1295 1930 Turio.
1316 1906 1402 1930 con·

69 1949 204 1989 citare,
233 1947 304 1983 ubi
325 1949 456 1984 Ioann.
478 1946 578 1984 Voff.
611 1959 644 1982 1.
671 1955 706 1989 5.
727 1947 894 1993 agitare.-
925 1948 988 1983 sed
1006 1959 1090 1984 ante
1110 1948 1216 1997 edifc.
1231 1950 1341 1989 *Vossl
1366 1959 1400 1995 3.

71 2005 189 2041 multa
217 2003 375 2040 omittit.
424 2004 527 2039 Haec
556 2002 597 2038 in
625 2001 840 2050 Florilegio
864 2005 1014 2040 Santen.
1037 2016 1216 2054 corrupte
1245 2016 1401 2042 enotan·
1463 1995 1467 2001 ,

69 2071 158 2097 tur·
171 2061 351 2101 murima
373 2061 568 2096 memoriae
589 2072 646 2094 ars
668 2055 717 2104 est
736 2060 971 2096 exetcitatio·
1002 2062 1093 2095 nile
1075 2075 1165 2110 eque
1186 2075 1254 2109 aug
1255 2071 1340 2096 etur
1360 2069 1402 2098 ut

71 2127 181 2153 cura·
211 2117 275 2155 vel
300 2117 486 2152 intercidit
504 2124 545 2150 ut:
562 2115 934 2162 negligentia.1l110x
951 2116 1084 2153 Ambr.
1109 2128 1145 2153 2.
1168 2118 1326 2166 plurime
1345 2118 1401 2153 ἀι-

63 2172 184 2222 [cant.
215 2165 344 2208 Guelf.
362 2187 399 2222 p.
421 2171 572 2220 discant.

154 2233 222 2275 4¹·
254 2237 290 2264 εε
308 2229 414 2264 lecta.
445 2227 575 2264 Turio.
597 2228 624 2261 F
628 2225 699 2262 lor.
722 2225 909 2262 omittunt
934 2241 1021 2264 cum
1034 2226 1136 2266 Alm.
1157 2231 1255 2266 Mox
1266 2230 1399 2266 Turio.

29 2283 33 2287 ¹
69 2285 275 2321 revolandi.
306 2285 443 2334 Camp.
474 2283 706 2319 remordendi
728 2295 800 2331 pro
832 2286 995 2319 remand.
1026 2296 1063 2320 et
1089 2286 1238 2322 omittit
1256 2295 1292 2321 et
1314 2297 1402 2322 ante

62 2339 137 2392 Jer-
376 2342 502 2378 levius.
533 2339 644 2375 Leid.
677 2339 812 2379 lenius,
842 2351 910 2387 per
931 2341 1011 2388 sph.
1033 2340 1136 2377 haud
1163 2343 1302 2383 dubie,
1332 2354 1403 2379 nec

26 2438 29 2443 ,
63 2397 207 2447 'figebat
222 2396 456 2448 loquacitate
476 2396 733 2445 improbantis
753 2406 856 2431 recte
878 2396 1036 2444 quidem
1059 2398 1232 2435 Gibsoni.

55 2546 57 2548 .
81 2509 91 2518 x
110 2532 188 2556 *nec
218 2518 269 2569 eft
297 2521 485 2557 mendacio
515 2539 570 2548 -—
598 2521 708 2556 inter·
819 2525 886 2568 41.
906 2517 1034 2568 studio
1063 2521 1089 2557 i.
1124 2531 1202 2558 arte
1231 2531 1267 2558 et
1285 2521 1400 2558 indu-

63 2573 227 2624 ffuemnt.
258 2579 397 2615 Nescio
417 2578 616 2626 quomodo
632 2578 707 2612 dis·
762 2578 859 2613 stria.
907 2577 999 2614 Non
1025 2578 1300 2614 desideraturus
1320 2583 1399 2615 era's

69 2629 190 2681 plicet
222 2633 316 2670 haec
353 2634 587 2670 affeverandi
619 2632 710 2668 dili»
763 2647 917 2673 vocem,
947 2634 976 2668 si
1006 2634 1154 2670 abeffet.
1211 2635 1401 2682 Praecepit·

72 2687 213 2734 gemit.
270 2691 343 2726 Sed
363 2703 403 2726 ea
421 2692 530 2740 supra
549 2701 708 2739 quoque
762 2689 857 2726 haec
878 2689 1001 2725 noster
1026 2705 1060 2732 ι,
1093 2705 1125 2732 ι,
1153 2698 1215 2735 55.
1243 2702 1278 2727 et
1301 2700 1339 2733 2,
1363 2700 1402 2735 7,

74 2741 163 2780 usus
181 2743 242 2781 est.
258 2751 297 2794 4,
314 2758 354 2788 2,
375 2746 440 2792 36.
765 2754 830 2790 25.
850 2747 901 2795 sq.
960 2750 964 2755 '

875 2825 961 2862 ΧΩ
