1676 3028
161 569 211 595 20

235 213 328 256 132
547 203 622 248 Μ.
651 204 783 248 FAB.
821 204 1230 266 QUINT¹L¹AN1

232 326 484 389 aliquem,
556 326 703 390 quod
748 325 889 390 apud
925 329 1142 385 majores
1185 325 1308 374 fieri
1340 324 1549 382 solebat,
1582 343 1584 345 ’

231 400 438 465 deligat,
473 417 632 464 quem
655 401 911 464 sequatur,
932 417 1089 463 quem
1113 401 1370 459 imitetur;
1410 400 1549 460 judi-

234 477 326 524 ciis
348 474 548 523 interfit
583 493 737 538 quam
770 477 1027 540 plurimis,
1067 485 1116 521 et
1145 473 1208 522 fit
1243 477 1551 532 certaminis,

234 552 322 598 cui
341 550 641 607 destinatur,
671 550 915 614 frequens
935 550 1197 614 spectator.
1274 553 1412 597 Tum
1435 565 1553 596 cau-

230 625 304 674 sas
325 627 411 674 vel
433 627 652 682 easdem,
692 643 819 690 quas
840 627 921 690 agi
947 624 1187 681 audierit,
1223 622 1341 672 stilo
1368 633 1419 670 et
1445 621 1554 688 ipse

232 711 533 765 componat,
581 702 667 749 vel
697 703 851 748 etiam
881 703 1026 756 alias,
1081 716 1228 748 veras
1259 698 1446 754 modo,
1503 707 1556 746 et

230 778 479 839 utrinque
511 786 712 832 tractet,
774 786 850 832 et,
915 774 1061 839 quod
1092 776 1149 823 in
1182 773 1554 839 gladiatoribus

230 849 351 898 fieri
375 851 628 908 videmus,
650 851 949 899 decretoriis
971 860 1281 906 exerceatur,
1301 859 1363 897 ut
1380 846 1550 896 feciffe
1563 853 1640 901 946

229 929 450 974 Brutum
489 925 717 975 diximus
754 944 851 991 pro
891 927 1113 975 Milone.
1191 925 1389 973 Melius
1433 923 1553 980 hoo,

229 1017 390 1065 quam
411 1000 689 1050 rescribere
710 1002 974 1051 veteribus
1001 1000 1410 1057 orationibus,.ut
1431 997 1556 1046 fecit

229 1182 267 1207 et
285 1170 396 1207 Flor.-
419 1173 519 1209 Alm.
551 1173 666 1208 Goth.
688 1174 791 1212 Voss‘.
815 1183 852 1210 α.
1073 1172 1273 1222 spectator.
1309 1171 1401 1207 Tum
1420 1169 1553 1218 causas.

228 1227 360 1263 Turio.
391 1229 492 1263 Flor.
525 1229 926 1278 spectatoremssausis.
973 1228 1044 1263 Ille
1076 1243 1094 1263 a
1124 1228 1190 1263 [ec.
1220 1240 1271 1262 m.
1299 1225 1486 1275 spectator
1517 1227 1555 1260 in

227 1280 352 1329 causis,
383 1284 447 1317 hic
468 1285 649 1318 nostrum.

315 1347 378 1373 20.
410 1339 468 1373 vel
488 1341 597 1373 etiam
619 1339 724 1374 alias.
756 1339 889 1373 Turio.
919 1339 1022 1374 Flor.
1045 1337 1115 1386 sed
1133 1352 1167 1372 v.
1189 1350 1220 1374 e.
1248 1338 1344 1373 alias
1369 1337 1429 1372 vel
1450 1337 1554 1372 alias]

228 1393 306 1426 Hic
323 1394 524 1428 novissima
545 1395 622 1429 duo
643 1393 831 1429 vocabula
852 1392 957 1428 tollit
981 1395 1048 1428 sec.
1068 1406 1118 1428 m.
1379 1394 1556 1439 utrinque-5

229 1448 360 1483 Turic.
383 1448 484 1484 Flor.
507 1448 631 1484 Guelf.
663 1450 794 1495 Camp.
825 1457 1012 1498 utrumque
1045 1461 1132 1482 cum
1153 1448 1271 1482 Goth.
1303 1458 1340 1482 et
1359 1447 1441 1482 edd.
1472 1456 1557 1481 ante
1616 1446 1619 1452 ’

230 1503 378 1550 Gryph.
609 1503 825 1537 decretoriis.
851 1504 980 1537 Turio.
1010 1496 1318 1537 al--tlelectoris
1337 1499 1406 1546 (cf.
1426 1505 1460 1548 §.
1493 1512 1556 1536 12.

226 1557 290 1590 sed
328 1558 422 1605 quid
456 1558 514 1593 ibi
542 1558 586 1592 sit
619 1556 782 1592 lineolae
811 1557 1031 1602 interjectae
1063 1569 1141 1591 non
1176 1558 1350 1604 exputo).
1380 1555 1482 1591 Flor.
1511 1555 1558 1590 de

228 1611 374 1648 lectoris
399 1625 487 1647 cum
526 1612 625 1647 Alm.
658 1612 745 1653 (ubi
778 1622 903 1646 tamen
931 1613 1006 1647 hoc
1038 1612 1107 1646 effe
1135 1621 1309 1646 narratur
1342 1623 1415 1659 pro
1451 1610 1558 1646 varia

226 1664 412 1710 lectione)
432 1681 450 1701 a
473 1669 540 1702 sec.
563 1680 614 1701 m.
639 1668 683 1700 cle
704 1667 901 1707 rhetoricis,
933 1680 1021 1701 cum
1040 1667 1152 1701 Tarv.
1178 1665 1262 1701 Ald.
1289 1667 1380 1701 Bad.
1414 1666 1460 1700 de
1479 1665 1559 1699 rhe-

229 1724 331 1757 torit’s
353 1722 478 1758 Guelf.
512 1735 599 1757 cum
619 1722 715 1759 Jens.
745 1727 833 1765 (tac.
853 1722 981 1767 Gesn.)
1009 1723 1102 1756 Loc.
1134 1723 1232 1757 Ven.
1264 1722 1371 1757 Rusc-
1402 1721 1560 1755 retiariis

227 1777 338 1812 Basil.
362 1791 448 1812 cum
471 1777 644 1824 margine
671 1776 767 1812 Cod.
793 1776 888 1813 Vall.
911 1777 969 1812 vel
990 1778 1193 1811 directoriis
1215 1777 1346 1824 Camp.
1379 1777 1424 1810 de
1444 1783 1558 1811 recto·

228 1833 293 1865 riis
323 1832 422 1870 Vall.
457 1846 476 1868 a
506 1845 561 1881 pr.
599 1845 651 1866 m.
689 1833 724 1864 in
753 1832 961 1866 derectoriis
988 1832 1092 1869 Voff.
1121 1846 1153 1866 1.
1179 1840 1215 1874 5.
1247 1833 1357 1867 Bern.
1385 1831 1464 1875 (sed
1496 1830 1562 1865 hio

229 1886 383 1923 fortass'e
413 1888 489 1922 sine
524 1889 589 1930 in).
625 1889 661 1920 in
681 1886 786 1920 rebus
817 1889 907 1921 actis
941 1885 1088 1934 Gryph.
1118 1889 1238 1922 Stoer.
1261 1885 1426 1922 Chouet.
1448 1885 1560 1922 Leid.

230 1941 333 1977 Gibs.
370 1942 516 1978 Rollin.
551 1943 687 1976 dextris
719 1950 754 1975 εε
787 1941 901 1976 laevis
937 1942 1031 1977 Obr.
1062 1941 1243 1976 Nostrum
1275 1951 1431 1976 tuentur
1458 1940 1558 1977 vall.

231 2000 268 2039 (a
302 1999 369 2033 sec.
399 1999 472 2045 m.)
514 1997 615 2036 VoII'.
649 2007 685 2032 2.
733 1995 849 2030 Goth.
887 2007 923 2030 et
954 1998 1018 2031 suo
1053 1996 1211 2042 ingenio
1245 1995 1334 2031 Nic.
1367 1996 1487 2031 Faber
1514 1995 1560 2030 ad

234 2055 426 2089 Senecam.
655 2050 890 2086 orationibus.
914 2052 1044 2100 Camp.
1069 2051 1282 2088 actionibus.
1305 2051 1353 2086 cf.
1373 2057 1413 2098 4,
1440 2064 1474 2091 ι,
1494 2059 1560 2094 52.

288 2183 386 2231 quod
417 2202 469 2210 —-
491 2181 583 2230 fieri
601 2180 761 2230 solebat.
822 2181 867 2217 cf.
928 2181 1043 2230 crin).
1089 2182 1184 2216 Rem
1212 2193 1443 2229 magnopere
1471 2179 1562 2216 illu-

231 2249 361 2273 notam
394 2238 557 2273 nostram
593 2238 638 2272 ad
669 2237 691 2272 6
723 2239 809 2272 Pro.
831 2245 868 2280 5.
927 2237 1013 2271 strat
1025 2239 1161 2271 Seneca
1183 2247 1289 2285 pater
1309 2236 1423 2284 praef.
1441 2235 1510 2271 lib.
1524 2241 1562 2278 4.

232 2307 270 2340 Ρ.
294 2293 384 2336 426.
417 2294 510 2328 item
538 2302 599 2333 12,
637 2305 697 2332 ιι,
729 2299 765 2333 5.
927 2293 1113 2327 Controv.
1171 2291 1437 2341 „Gladiagpres
1470 2303 1563 2337 gra-

292 2357 356 2384 20.
387 2362 477 2396 quas
507 2350 570 2395 agi
593 2348 751 2383 audierit
781 2347 808 2381 i.
835 2361 866 2383 e.
925 2347 1131 2388 „vioribus
1218 2347 1333 2381 armis
1417 2345 1565 2380 discunt

234 2402 376 2451 quibus
397 2404 550 2451 agendis
570 2402 797 2438 interfuerit.
926 2415 1069 2449 „quam
1101 2407 1314 2450 pugnant.“
1367 2400 1430 2435 sic
1463 2399 1564 2436 Cali-

287 2458 505 2493 decretoriis.
560 2459 606 2494 cf.
639 2457 685 2498 6,
736 2462 778 2499 4,
832 2456 868 2492 6.
927 2456 1016 2504 gula
1038 2456 1210 2503 (Sueten.
1236 2454 1315 2498 54.)
1341 2454 1564 2493 „Battuebat

234 2512 372 2547 Noster
406 2514 563 2560 quidem
595 2513 703 2548 locus
723 2525 769 2547 an
790 2511 869 2546 solo
926 2513 1206 2559 „pugnatoriiw
1235 2513 1295 2554 (ea
1331 2510 1414 2545 sunt
1443 2510 1563 2543 decre-

237 2567 426 2611 adjcctivo
451 2568 609 2614 defungi
626 2567 748 2614 poffit,
770 2577 871 2602 recte
929 2568 1044 2609 toria)
1071 2566 1252 2606 ‚.armis.“

237 2621 501 2662 dubitabitur3
526 2633 561 2656 et
582 2623 744 2670 suspicor
766 2634 871 2670 prae-
982 2622 1136 2656 Brutum
1175 2621 1345 2654 diximus.
1420 2618 1467 2654 cf.
1499 2629 1561 2658 ιο,

235 2676 468 2711 mittendum
527 2679 635 2712 armis
681 2677 747 2721 (cf.
790 2686 870 2711 not.
933 2689 969 2716 ι,
997 2685 1065 2718 23.
