1676 3028
294 270 386 315 422
607 264 680 310 M.
711 264 838 310 FAB.
876 265 1281 325 QUINTILIANI

294 386 485 451 Pollice
525 384 812 444 efficientis,
877 403 1008 451 quae
1051 387 1171 437 sunt
1211 406 1240 436 a
1278 388 1591 453 quibusdam

294 457 630 525 scriptoribus
670 472 865 517 notata,
931 479 998 509 ne
1043 464 1099 510 in
1135 453 1335 512 rusticis
1377 464 1591 528 quidem

226 535 424 584 ¹¹8vidi.
520 537 586 583 At
637 547 698 584 ut
738 537 949 586 brachio
997 548 1170 586 exerto
1213 535 1591 604 introspiciatur

296 611 455 666 latus,
502 620 562 658 ut
589 627 803 660 manum
831 613 962 660 alius
994 613 1130 661 ultra
1158 611 1330 662 finum
1361 612 1591 677 proferre

296 701 406 732 non
433 684 642 743 audeat,
689 687 844 744 alius,
881 689 938 734 in
974 697 1227 750 quantum
1259 697 1396 752 patet
1427 687 1596 752 longi-

295 758 453 816 tudo,
491 760 791 824 protendat‚
829 772 917 809 aut
959 762 1023 810 ad.
1064 773 1256 811 tectum
1286 763 1471 825 erigat,
1503 773 1598 831 aut

295 836 516 898 repetito
549 837 686 883 ultra
716 837 922 886 laevum
951 838 1232 887 humerum
1263 835 1405 902 gestu.
1435 837 1506 884 ita
1539 837 1598 884 in

294 918 500 972 tergum
522 909 759 975 flagellet,
775 922 831 960 ut
851 911 1119 961 consistere
1140 912 1254 977 post
1274 929 1392 960 eum
1416 927 1604 976 parum

295 993 470 1031 tutum
502 983 587 1042 sit,
635 997 724 1034 aut
768 986 1031 1035 sinistrum
1075 987 1225 1036 ducat
1259 987 1463 1043 orbem,
1513 995 1602 1034 aut

294 1068 486 1108 temere
506 1059 669 1126 sparsa
690 1078 849 1111 manu.
868 1065 924 1110 in
948 1063 1213 1128 proximos
1241 1056 1483 1128 offcndat‚
1516 1069 1603 1109 aut

379 1221 468 1253 117.
499 1211 588 1248 vidi.
617 1215 691 1247 Pro
713 1213 788 1248 hoc
807 1214 884 1248 dixi
901 1215 925 1251 J
928 1213 997 1249 ens.
1012 1215 1126 1249 Tarv.
1146 1213 1248 1261 quod
1268 1211 1428 1259 corrigit
1441 1209 1598 1257 Regius.

291 1264 510 1300 Numerum
540 1266 606 1302 hic
631 1269 788 1315 quidem
810 1269 850 1314 in
871 1267 967 1306 Vall.
987 1268 1166 1315 primitus
1185 1278 1272 1302 nota
1292 1267 1478 1314 signatum
1494 1263 1604 1302 fuiss‘e

295 1319 446 1354 testatur
477 1321 620 1357 Badius
637 1347 647 1362 ,
678 1335 772 1357 mox
792 1325 1064 1371 quingenariam
1084 1323 1261 1371 scriptum
1278 1348 1288 1362 ,
1319 1318 1468 1355 tandem
1487 1318 1604 1353 corri-

293 1374 420 1420 gendo
451 1375 496 1409 ad
519 1376 695 1424 vulgatae
724 1377 913 1412 rationem
933 1378 1149 1418 redactum3
1181 1378 1214 1412 se
1245 1378 1460 1424 quingentos
1480 1372 1604 1408 malle.

293 1429 341 1463 In
363 1430 639 1475 vetustioribus
663 1431 774 1468 libris
795 1432 897 1467 nihil
920 1434 1106 1480 discrepat
1129 1433 1321 1480 scriptura.
1598 1437 1603 1448 ·

382 1529 396 1550 1
411 1523 471 1560 18.
501 1517 552 1553 At
576 1528 615 1553 ut
635 1519 793 1562 brachio.
823 1520 951 1555 Turic.
984 1519 1086 1556 Flor.
1118 1530 1182 1554 aut
1207 1518 1363 1554 vibratio
1386 1528 1473 1551 cum
1493 1514 1605 1550 Bodl.

294 1580 357 1606 aut
378 1574 412 1606 in
437 1574 470 1606 b.
502 1574 626 1608 Guelf.
654 1584 717 1608 aut
746 1583 786 1609 uc
813 1574 848 1608 12.
874 1574 1005 1610 Ambr.
1031 1584 1067 1610 2.
1102 1575 1232 1622 Camp.
1253 1573 1348 1611 Jens.
1370 1574 1455 1615 (tac.
1477 1570 1604 1613 Gesn.)

295 1638 381 1662 cum
409 1627 493 1662 edd.
525 1639 609 1663 ante
641 1629 750 1664 Basil.
785 1642 856 1664 err.
891 1631 1022 1664 Burm.
1057 1629 1125 1677 qui
1152 1631 1282 1664 Ioaun.
1309 1626 1409 1664 Voff.
1437 1638 1471 1662 ².
1494 1634 1532 1668 5.
1559 1634 1605 1660 ut

295 1692 395 1717 recte
414 1682 557 1717 nostrae
577 1685 780 1734 scripturae
803 1684 906 1719 testes
932 1685 1123 1724 exhibeat,
1145 1696 1294 1719 vereor,
1539 1688 1607 1714 aut

293 1737 344 1771 ad
367 1745 508 1773 tectum.
538 1737 668 1776 Turio.
698 1738 798 1773 Flor.
830 1748 893 1774 aut
917 1738 1036 1786 fectus
1062 1751 1149 1774 cum
1179 1738 1279 1774 Alm.
1306 1737 1481 1772 interdum
1511 1735 1601 1782 (pro

294 1792 332 1825 in
361 1793 523 1838 tergum)
554 1794 684 1828 Turio.
714 1794 844 1841 Camp.
877 1807 962 1828 cum
987 1794 1085 1829 Alm.
1107 1790 1311 1840 conszfieret
1328 1791 1430 1826 Flor.
1449 1804 1495 1836 arg
1509 1788 1604 1836 fini-⁶.

286 1842 403 1890 sirum
433 1847 562 1882 Turic.
596 1848 698 1884 Flor.
730 1857 847 1883 totum
874 1849 1006 1885 Ambr.
1031 1856 1066 1884 2.
1104 1847 1228 1884 Guelf.
1260 1849 1383 1883 timere
1411 1844 1542 1879 Ambr.
1566 1852 1603 1878 2.

291 1901 390 1938 Je'ns.
422 1903 508 1944 (tac.
531 1903 659 1948 Gesn.)
681 1905 793 1939 Tarv.
817 1917 903 1939 cum
931 1907 1042 1939 Bern.
1063 1905 1302 1951 proximoque
1322 1899 1499 1947 defendat
1522 1899 1603 1933 Tu-

292 1955 362 1990 ric.
395 1955 497 1991 Flor.
521 1956 634 2005 saepe
665 1957 743 2006 scio
769 1957 884 2007 saepe
911 1961 1031 1994 venire
1067 1958 1197 1994 Turio.
1228 1956 1329 1994 Flor.
1351 1954 1386 2005 s
1407 1953 1460 2004 sc.
1481 1954 1602 1990 venire

293 2010 391 2047 Jens.
409 2022 494 2048 eum
516 2013 601 2049 edd.
619 2013 772 2061 posterr.
795 2010 891 2065 (non
914 2015 1061 2063 Camp.)
1083 2023 1166 2050 ante
1189 2012 1277 2049 Ald-

287 2130 462 2180 ‚,Euang.
480 2134 542 2169 Pe.
561 2133 741 2175 Possum,
775 2146 811 2170 et
833 2149 920 2170 cum
974 2122 1246 2183 pertinaci-int,
1283 2146 1377 2182 quae
1405 2131 1460 2172 „fi
1480 2129 1601 2166 laxio-

288 2185 393 2226 „hoc
431 2188 628 2224 Fabricius
656 2204 693 2238 p.
722 2190 807 2225 166.
834 2192 883 2238 sq.
897 2179 955 2211 “⁸
976 2203 1060 2232 „res
1081 2191 1193 2226 effent
1211 2200 1312 2226 retro
1335 2198 1435 2223 actae
1456 2184 1521 2222 vel
1542 2198 1601 2220 re·

290 2241 486 2280 Gesnerus.
522 2243 578 2280 Cf.
590 2245 697 2280 fabr.
709 2245 750 2280 B.
767 2246 808 2280 G.
830 2244 918 2282 Vol.
975 2245 1174 2294 „plicatae,
1192 2246 1330 2279 nudam
1352 2253 1498 2291 partem
1515 2240 1601 2276 sub-

290 2305 327 2338 7.
347 2309 431 2345 pag.
449 2308 538 2342 770.
556 2309 635 2334 not.
659 2299 764 2335 Harl.
778 2299 867 2338 Vol.
881 2307 917 2345 8.
974 2300 1196 2342 „axium-em
1220 2299 1493 2335 ostenderent.“

286 2361 370 2399 Pssg·
398 2354 487 2396 674·
1022 2352 1207 2403 sinistrum
1233 2356 1340 2389 ducat
1362 2351 1496 2388 orbem·
1521 2348 1599 2384 ..Est

571 2426 574 2429 ’
971 2410 1046 2446 hoc
1075 2410 1176 2445 illud
1195 2410 1357 2448 vitium,
1385 2404 1491 2454 quod
1513 2404 1597 2439 teti-

347 2468 438 2506 ¹¹8·
494 2463 744 2514 introspiciant
802 2466 910 2502 larus.
970 2467 1027 2513 git
1057 2466 1162 2513 supra
1187 2464 1228 2507 ·§.
1256 2473 1345 2509 109,
1371 2470 1413 2496 ut
1442 2458 1483 2493 in
1508 2458 1596 2493 sini-

287 2514 376 2550 Hoc
406 2518 519 2553 etiam
553 2520 787 2566 Quintiliani
811 2534 916 2561 aevo,
973 2521 1088 2554 strum
1123 2519 1244 2567 gestus
1285 2515 1448 2553 desinatz
1505 2513 1596 2548 fini8
1663 2521 1665 2527 '

216 2576 226 2583 ”
288 2569 360 2604 ubi
378 2571 458 2608 sane
477 2573 579 2609 nulli
593 2575 666 2611 sine
686 2577 812 2612 tunica
823 2577 916 2611 ami-
973 2576 1074 2610 enirn
1098 2575 1206 2610 estin
1226 2569 1376 2614 orbe&
1395 2569 1517 2616 105.)-

289 2633 384 2665 ctus»
400 2628 564 2673 potuin'e
583 2629 672 2664 fieri
688 2642 788 2666 recte
805 2631 917 2666 docet
1029 2632 1066 2664 in
1083 2630 1266 2676 proximos
1286 2625 1464 2673 offendat·
1515 2623 1609 2659 Hu-'

287 2678 491 2724 Geram-us»,
533 2685 621 2732 quia
657 2687 824 2722 manicae
856 2697 914 2720 tu·
970 2686 1031 2731 jus
1067 2683 1270 2718 structurae
1319 2692 1440 2715 unum
1473 2677 1597 2714 adhuc

283 2732 456 2771 nicarum
495 2740 542 2774 ad
579 2740 751 2777 cubitum
795 2741 913 2777 modo
971 2737 1187 2787 exemplum
1237 2736 1365 2787 reperi
1407 2734 1596 2771 indicante
