<?xml version="1.0" encoding="UTF-8"?>
<!DOCTYPE html PUBLIC "-//W3C//DTD XHTML 1.0 Transitional//EN"
    "http://www.w3.org/TR/xhtml1/DTD/xhtml1-transitional.dtd">
<html xmlns="http://www.w3.org/1999/xhtml" xml:lang="en" lang="en">
 <head>
  <title>
</title>
<meta http-equiv="Content-Type" content="text/html;charset=utf-8" />
  <meta name='ocr-system' content='tesseract 3.04.00' />
  <meta name='ocr-capabilities' content='ocr_page ocr_carea ocr_par ocr_line ocrx_word'/>
</head>
<body>
  <div class='ocr_page' id='page_1' title='image "./lexiconquintilia04bonnuoft_0510.png"; bbox 0 0 1676 3028; ppageno 0'>
   <div class='ocr_carea' id='block_1_1' title="bbox 276 259 1521 321">
    <p class='ocr_par' dir='ltr' id='par_1_1' title="bbox 276 259 1521 321">
     <span class='ocr_line' id='line_1_1' title="bbox 276 259 1521 321; baseline 0.006 -18"><span class='ocrx_word' id='word_1_1' title='bbox 276 269 378 319; x_wconf 62' lang='lat'>43⁰</span> <span class='ocrx_word' id='word_1_2' title='bbox 410 259 483 303; x_wconf 86' lang='lat' dir='ltr'>M.</span> <span class='ocrx_word' id='word_1_3' title='bbox 505 260 637 305; x_wconf 67' lang='grc' dir='ltr'><strong>ΕΑΒ.</strong></span> <span class='ocrx_word' id='word_1_4' title='bbox 662 260 1170 321; x_wconf 75' lang='lat' dir='ltr'>QU1NT.1NST.on.</span> <span class='ocrx_word' id='word_1_5' title='bbox 1199 263 1317 308; x_wconf 77' lang='lat' dir='ltr'>Lm.</span> <span class='ocrx_word' id='word_1_6' title='bbox 1339 262 1445 320; x_wconf 87' lang='lat' dir='ltr'>xn,</span> <span class='ocrx_word' id='word_1_7' title='bbox 1477 276 1521 310; x_wconf 85' lang='lat'>1.</span> 
     </span>
    </p>
   </div>
   <div class='ocr_carea' id='block_1_2' title="bbox 227 378 1676 1426">
    <p class='ocr_par' dir='ltr' id='par_1_2' title="bbox 238 378 1676 1122">
     <span class='ocr_line' id='line_1_2' title="bbox 238 378 1590 452; baseline -0.001 -16"><span class='ocrx_word' id='word_1_8' title='bbox 238 409 262 436; x_wconf 85' lang='lat'>2</span> <span class='ocrx_word' id='word_1_9' title='bbox 281 383 534 433; x_wconf 81' lang='lat' dir='ltr'>ficultates</span> <span class='ocrx_word' id='word_1_10' title='bbox 559 385 733 432; x_wconf 82' lang='lat' dir='ltr'>animo</span> <span class='ocrx_word' id='word_1_11' title='bbox 768 398 852 430; x_wconf 90' lang='lat' dir='ltr'>me</span> <span class='ocrx_word' id='word_1_12' title='bbox 873 378 1166 431; x_wconf 72' lang='lat' dir='ltr'>sustelitaVi.&#39;</span> <span class='ocrx_word' id='word_1_13' title='bbox 1190 384 1219 391; x_wconf 45' lang='lat'>&#39;³</span> <span class='ocrx_word' id='word_1_14' title='bbox 1242 383 1413 452; x_wconf 70' lang='lat' dir='ltr'>&#39;Quare</span> <span class='ocrx_word' id='word_1_15' title='bbox 1449 405 1590 436; x_wconf 83' lang='lat' dir='ltr'>nunc</span> 
     </span>
     <span class='ocr_line' id='line_1_3' title="bbox 281 460 1590 527; baseline 0.002 -19"><span class='ocrx_word' id='word_1_16' title='bbox 281 475 509 524; x_wconf 79' lang='lat' dir='ltr'>quoque,</span> <span class='ocrx_word' id='word_1_17' title='bbox 539 460 660 505; x_wconf 86' lang='lat' dir='ltr'>licet</span> <span class='ocrx_word' id='word_1_18' title='bbox 678 465 842 516; x_wconf 82' lang='lat' dir='ltr'>major</span> <span class='ocrx_word' id='word_1_19' title='bbox 864 473 1018 519; x_wconf 89' lang='lat' dir='ltr'>quam</span> <span class='ocrx_word' id='word_1_20' title='bbox 1042 476 1274 522; x_wconf 87' lang='lat' dir='ltr'>unquam</span> <span class='ocrx_word' id='word_1_21' title='bbox 1295 462 1457 511; x_wconf 85' lang='lat' dir='ltr'>moles</span> <span class='ocrx_word' id='word_1_22' title='bbox 1475 479 1590 527; x_wconf 87' lang='lat' dir='ltr'>pre-</span> 
     </span>
     <span class='ocr_line' id='line_1_4' title="bbox 279 531 1590 596; baseline 0.002 -13"><span class='ocrx_word' id='word_1_23' title='bbox 279 545 411 590; x_wconf 82' lang='lat' dir='ltr'>mat,</span> <span class='ocrx_word' id='word_1_24' title='bbox 452 544 620 580; x_wconf 88' lang='lat' dir='ltr'>tamen</span> <span class='ocrx_word' id='word_1_25' title='bbox 646 531 979 596; x_wconf 81' lang='lat' dir='ltr'>prospicienti</span> <span class='ocrx_word' id='word_1_26' title='bbox 1005 531 1168 581; x_wconf 82' lang='lat' dir='ltr'>finem</span> <span class='ocrx_word' id='word_1_27' title='bbox 1191 535 1322 582; x_wconf 86' lang='lat' dir='ltr'>mihi</span> <span class='ocrx_word' id='word_1_28' title='bbox 1346 535 1590 586; x_wconf 83' lang='lat' dir='ltr'>constitu-</span> 
     </span>
     <span class='ocr_line' id='line_1_5' title="bbox 279 606 1587 675; baseline 0.003 -18"><span class='ocrx_word' id='word_1_29' title='bbox 279 620 392 657; x_wconf 86' lang='lat' dir='ltr'>tum</span> <span class='ocrx_word' id='word_1_30' title='bbox 426 606 497 654; x_wconf 84' lang='lat' dir='ltr'>est</span> <span class='ocrx_word' id='word_1_31' title='bbox 529 610 614 654; x_wconf 83' lang='lat' dir='ltr'>vel</span> <span class='ocrx_word' id='word_1_32' title='bbox 647 607 870 656; x_wconf 83' lang='lat' dir='ltr'>deficere</span> <span class='ocrx_word' id='word_1_33' title='bbox 895 610 1090 671; x_wconf 84' lang='lat' dir='ltr'>potius,</span> <span class='ocrx_word' id='word_1_34' title='bbox 1129 626 1283 673; x_wconf 84' lang='lat' dir='ltr'>quam</span> <span class='ocrx_word' id='word_1_35' title='bbox 1312 609 1587 675; x_wconf 89' lang='lat' dir='ltr'>desperare.</span> 
     </span>
     <span class='ocr_line' id='line_1_6' title="bbox 279 683 1590 750; baseline 0.001 -17"><span class='ocrx_word' id='word_1_36' title='bbox 279 683 486 733; x_wconf 74' lang='lat' dir='ltr'>Fefellit</span> <span class='ocrx_word' id='word_1_37' title='bbox 509 693 678 731; x_wconf 88' lang='lat' dir='ltr'>autem</span> <span class='ocrx_word' id='word_1_38' title='bbox 692 719 705 740; x_wconf 87' lang='lat'>,</span> <span class='ocrx_word' id='word_1_39' title='bbox 727 683 890 747; x_wconf 78' lang='lat' dir='ltr'>quod</span> <span class='ocrx_word' id='word_1_40' title='bbox 908 684 1122 731; x_wconf 84' lang='lat' dir='ltr'>initium</span> <span class='ocrx_word' id='word_1_41' title='bbox 1146 701 1172 731; x_wconf 85' lang='lat' dir='ltr'>a</span> <span class='ocrx_word' id='word_1_42' title='bbox 1194 687 1366 748; x_wconf 87' lang='lat' dir='ltr'>parvis</span> <span class='ocrx_word' id='word_1_43' title='bbox 1389 702 1590 750; x_wconf 85' lang='lat' dir='ltr'>cepera-</span> 
     </span>
     <span class='ocr_line' id='line_1_7' title="bbox 278 757 1676 824; baseline 0.003 -18"><span class='ocrx_word' id='word_1_44' title='bbox 278 768 409 807; x_wconf 78' lang='lat' dir='ltr'><strong>mus.</strong></span> <span class='ocrx_word' id='word_1_45' title='bbox 498 762 629 807; x_wconf 85' lang='lat' dir='ltr'>Mox</span> <span class='ocrx_word' id='word_1_46' title='bbox 665 760 809 807; x_wconf 88' lang='lat' dir='ltr'>velut</span> <span class='ocrx_word' id='word_1_47' title='bbox 843 775 965 806; x_wconf 84' lang='lat' dir='ltr'>aura</span> <span class='ocrx_word' id='word_1_48' title='bbox 1009 757 1316 808; x_wconf 82' lang='lat' dir='ltr'>sollicitante</span> <span class='ocrx_word' id='word_1_49' title='bbox 1352 762 1676 824; x_wconf 77' lang='lat' dir='ltr'>provecti1043</span> 
     </span>
     <span class='ocr_line' id='line_1_8' title="bbox 278 832 1592 901; baseline 0.002 -19"><span class='ocrx_word' id='word_1_50' title='bbox 278 834 505 897; x_wconf 80' lang='lat' dir='ltr'>longius,</span> <span class='ocrx_word' id='word_1_51' title='bbox 554 832 681 901; x_wconf 83' lang='lat' dir='ltr'>dum</span> <span class='ocrx_word' id='word_1_52' title='bbox 719 844 891 900; x_wconf 81' lang='lat' dir='ltr'>tamen</span> <span class='ocrx_word' id='word_1_53' title='bbox 926 844 1048 882; x_wconf 88' lang='lat' dir='ltr'>nota</span> <span class='ocrx_word' id='word_1_54' title='bbox 1089 835 1201 891; x_wconf 89' lang='lat' dir='ltr'>illa,</span> <span class='ocrx_word' id='word_1_55' title='bbox 1231 845 1300 901; x_wconf 18' lang='lat' dir='ltr'>x*et</span> <span class='ocrx_word' id='word_1_56' title='bbox 1330 837 1592 900; x_wconf 86' lang='lat' dir='ltr'>plerisque</span> 
     </span>
     <span class='ocr_line' id='line_1_9' title="bbox 281 908 1591 976; baseline 0.001 -19"><span class='ocrx_word' id='word_1_57' title='bbox 281 911 470 957; x_wconf 83' lang='lat' dir='ltr'>artium</span> <span class='ocrx_word' id='word_1_58' title='bbox 491 908 828 973; x_wconf 81' lang='lat' dir='ltr'>scriptoribus</span> <span class='ocrx_word' id='word_1_59' title='bbox 854 918 1062 957; x_wconf 78' lang='lat' dir='ltr'>tractata</span> <span class='ocrx_word' id='word_1_60' title='bbox 1082 911 1452 976; x_wconf 82' lang='lat' dir='ltr'>praecipimus:</span> <span class='ocrx_word' id='word_1_61' title='bbox 1494 928 1591 959; x_wconf 88' lang='lat' dir='ltr'>nec</span> 
     </span>
     <span class='ocr_line' id='line_1_10' title="bbox 281 975 1594 1049; baseline 0.003 -17"><span class='ocrx_word' id='word_1_62' title='bbox 281 984 454 1033; x_wconf 84' lang='lat' dir='ltr'>adhuc</span> <span class='ocrx_word' id='word_1_63' title='bbox 486 1002 514 1032; x_wconf 88' lang='lat' dir='ltr'>a</span> <span class='ocrx_word' id='word_1_64' title='bbox 542 985 695 1034; x_wconf 84' lang='lat' dir='ltr'>litore</span> <span class='ocrx_word' id='word_1_65' title='bbox 732 985 919 1049; x_wconf 89' lang='lat' dir='ltr'>procul</span> <span class='ocrx_word' id='word_1_66' title='bbox 949 975 1283 1042; x_wconf 60' lang='lat' dir='ltr'>videbamur,</span> <span class='ocrx_word' id='word_1_67' title='bbox 1320 996 1370 1032; x_wconf 79' lang='lat' dir='ltr'>et</span> <span class='ocrx_word' id='word_1_68' title='bbox 1400 987 1594 1036; x_wconf 78' lang='lat' dir='ltr'>multos</span> 
     </span>
     <span class='ocr_line' id='line_1_11' title="bbox 281 1058 1591 1122; baseline 0.001 -16"><span class='ocrx_word' id='word_1_69' title='bbox 281 1060 414 1107; x_wconf 84' lang='lat' dir='ltr'>circa</span> <span class='ocrx_word' id='word_1_70' title='bbox 433 1061 580 1108; x_wconf 81' lang='lat' dir='ltr'>velut</span> <span class='ocrx_word' id='word_1_71' title='bbox 608 1059 792 1107; x_wconf 86' lang='lat' dir='ltr'>iisdem</span> <span class='ocrx_word' id='word_1_72' title='bbox 814 1058 865 1107; x_wconf 88' lang='lat' dir='ltr'>se</span> <span class='ocrx_word' id='word_1_73' title='bbox 895 1060 1065 1107; x_wconf 82' lang='lat' dir='ltr'>ventis</span> <span class='ocrx_word' id='word_1_74' title='bbox 1091 1059 1298 1122; x_wconf 85' lang='lat' dir='ltr'>credere</span> <span class='ocrx_word' id='word_1_75' title='bbox 1325 1059 1471 1109; x_wconf 77' lang='lat' dir='ltr'>ausos</span> <span class='ocrx_word' id='word_1_76' title='bbox 1500 1061 1591 1108; x_wconf 87' lang='lat' dir='ltr'>ha-</span> 
     </span>
    </p>

    <p class='ocr_par' dir='ltr' id='par_1_3' title="bbox 227 1134 1595 1426">
     <span class='ocr_line' id='line_1_12' title="bbox 227 1134 1591 1200; baseline 0.001 -18"><span class='ocrx_word' id='word_1_77' title='bbox 227 1153 252 1187; x_wconf 81' lang='lat'>5</span> <span class='ocrx_word' id='word_1_78' title='bbox 280 1135 542 1184; x_wconf 88' lang='lat' dir='ltr'>bebamus.</span> <span class='ocrx_word' id='word_1_79' title='bbox 619 1139 727 1188; x_wconf 89' lang='lat' dir='ltr'>Jam</span> <span class='ocrx_word' id='word_1_80' title='bbox 752 1152 872 1183; x_wconf 89' lang='lat' dir='ltr'>cum</span> <span class='ocrx_word' id='word_1_81' title='bbox 900 1134 1185 1199; x_wconf 88' lang='lat' dir='ltr'>eloquendi</span> <span class='ocrx_word' id='word_1_82' title='bbox 1208 1135 1462 1200; x_wconf 80' lang='lat' dir='ltr'>rationem</span> <span class='ocrx_word' id='word_1_83' title='bbox 1494 1153 1591 1184; x_wconf 90' lang='lat' dir='ltr'>no-</span> 
     </span>
     <span class='ocr_line' id='line_1_13' title="bbox 278 1208 1591 1275; baseline 0 -17"><span class='ocrx_word' id='word_1_84' title='bbox 278 1210 471 1258; x_wconf 64' lang='lat' dir='ltr'>vxffime</span> <span class='ocrx_word' id='word_1_85' title='bbox 492 1221 777 1275; x_wconf 82' lang='lat' dir='ltr'>repertam,</span> <span class='ocrx_word' id='word_1_86' title='bbox 811 1208 1219 1275; x_wconf 83' lang='lat' dir='ltr'>paucissimisque</span> <span class='ocrx_word' id='word_1_87' title='bbox 1241 1220 1487 1257; x_wconf 83' lang='lat' dir='ltr'>tentatam</span> <span class='ocrx_word' id='word_1_88' title='bbox 1509 1212 1591 1258; x_wconf 88' lang='lat' dir='ltr'>in-</span> 
     </span>
     <span class='ocr_line' id='line_1_14' title="bbox 278 1283 1593 1350; baseline 0.002 -18"><span class='ocrx_word' id='word_1_89' title='bbox 278 1285 420 1350; x_wconf 87' lang='lat' dir='ltr'>greffi</span> <span class='ocrx_word' id='word_1_90' title='bbox 453 1283 656 1334; x_wconf 86' lang='lat' dir='ltr'>sumus:</span> <span class='ocrx_word' id='word_1_91' title='bbox 696 1295 866 1341; x_wconf 78' lang='lat' dir='ltr'>rarus,</span> <span class='ocrx_word' id='word_1_92' title='bbox 905 1286 998 1347; x_wconf 89' lang='lat' dir='ltr'>qui</span> <span class='ocrx_word' id='word_1_93' title='bbox 1029 1296 1130 1331; x_wconf 85' lang='lat' dir='ltr'>tam</span> <span class='ocrx_word' id='word_1_94' title='bbox 1165 1285 1350 1348; x_wconf 90' lang='lat' dir='ltr'>procul</span> <span class='ocrx_word' id='word_1_95' title='bbox 1380 1301 1408 1331; x_wconf 88' lang='lat' dir='ltr'>a</span> <span class='ocrx_word' id='word_1_96' title='bbox 1436 1295 1593 1349; x_wconf 89' lang='lat' dir='ltr'>portu</span> 
     </span>
     <span class='ocr_line' id='line_1_15' title="bbox 276 1358 1595 1426; baseline 0 -17"><span class='ocrx_word' id='word_1_97' title='bbox 276 1358 548 1419; x_wconf 82' lang='lat' dir='ltr'>receffiffet,</span> <span class='ocrx_word' id='word_1_98' title='bbox 583 1362 950 1426; x_wconf 85' lang='lat' dir='ltr'>reperiebatur.</span> <span class='ocrx_word' id='word_1_99' title='bbox 1028 1358 1305 1424; x_wconf 84' lang='lat' dir='ltr'>Postquam</span> <span class='ocrx_word' id='word_1_100' title='bbox 1338 1376 1467 1408; x_wconf 87' lang='lat' dir='ltr'>vero</span> <span class='ocrx_word' id='word_1_101' title='bbox 1495 1377 1595 1415; x_wconf 53' lang='grc' dir='ltr'>κιο-ς</span> 
     </span>
    </p>
   </div>
   <div class='ocr_carea' id='block_1_3' title="bbox 199 1520 1594 2054">
    <p class='ocr_par' dir='ltr' id='par_1_4' title="bbox 290 1520 1590 1574">
     <span class='ocr_line' id='line_1_16' title="bbox 290 1520 1590 1574; baseline 0 -17"><span class='ocrx_word' id='word_1_102' title='bbox 290 1552 293 1574; x_wconf 86' lang='lat'>:</span> <span class='ocrx_word' id='word_1_103' title='bbox 359 1531 395 1558; x_wconf 88' lang='lat'>2.</span> <span class='ocrx_word' id='word_1_104' title='bbox 424 1523 728 1567; x_wconf 77' lang='lat' dir='ltr'>majori—mole</span> <span class='ocrx_word' id='word_1_105' title='bbox 755 1535 900 1569; x_wconf 76' lang='lat' dir='ltr'>premar</span> <span class='ocrx_word' id='word_1_106' title='bbox 927 1523 1056 1567; x_wconf 84' lang='lat' dir='ltr'>Camp.</span> <span class='ocrx_word' id='word_1_107' title='bbox 1090 1522 1178 1565; x_wconf 80' lang='lat' dir='ltr'>(nisi</span> <span class='ocrx_word' id='word_1_108' title='bbox 1209 1522 1313 1568; x_wconf 85' lang='lat' dir='ltr'>quod</span> <span class='ocrx_word' id='word_1_109' title='bbox 1342 1520 1408 1557; x_wconf 85' lang='lat' dir='ltr'>hic</span> <span class='ocrx_word' id='word_1_110' title='bbox 1432 1523 1590 1570; x_wconf 79' lang='lat' dir='ltr'>primur)</span> 
     </span>
    </p>

    <p class='ocr_par' dir='ltr' id='par_1_5' title="bbox 274 1575 1588 1624">
     <span class='ocr_line' id='line_1_17' title="bbox 274 1575 1588 1624; baseline -0.002 -9"><span class='ocrx_word' id='word_1_111' title='bbox 274 1591 361 1615; x_wconf 78' lang='lat' dir='ltr'>cum</span> <span class='ocrx_word' id='word_1_112' title='bbox 401 1578 483 1612; x_wconf 80' lang='lat' dir='ltr'>edd.</span> <span class='ocrx_word' id='word_1_113' title='bbox 527 1587 612 1613; x_wconf 85' lang='lat' dir='ltr'>ante</span> <span class='ocrx_word' id='word_1_114' title='bbox 651 1580 773 1612; x_wconf 82' lang='lat' dir='ltr'>Stoer.</span> <span class='ocrx_word' id='word_1_115' title='bbox 812 1589 886 1611; x_wconf 82' lang='lat' dir='ltr'>acc.</span> <span class='ocrx_word' id='word_1_116' title='bbox 927 1577 1026 1612; x_wconf 88' lang='lat' dir='ltr'>Gibs.</span> <span class='ocrx_word' id='word_1_117' title='bbox 1059 1575 1128 1624; x_wconf 86' lang='lat' dir='ltr'>qui</span> <span class='ocrx_word' id='word_1_118' title='bbox 1159 1588 1196 1613; x_wconf 82' lang='lat' dir='ltr'>et</span> <span class='ocrx_word' id='word_1_119' title='bbox 1224 1575 1336 1612; x_wconf 81' lang='lat' dir='ltr'>Bodl.</span> <span class='ocrx_word' id='word_1_120' title='bbox 1369 1577 1495 1612; x_wconf 81' lang='lat' dir='ltr'>testem</span> <span class='ocrx_word' id='word_1_121' title='bbox 1525 1576 1588 1612; x_wconf 82' lang='lat' dir='ltr'>ad·</span> 
     </span>
    </p>

    <p class='ocr_par' dir='ltr' id='par_1_6' title="bbox 218 1625 1589 1680">
     <span class='ocr_line' id='line_1_18' title="bbox 218 1625 1589 1680; baseline -0.001 -12"><span class='ocrx_word' id='word_1_122' title='bbox 218 1658 222 1662; x_wconf 66' lang='grc'><strong><em>»</em></strong></span> <span class='ocrx_word' id='word_1_123' title='bbox 271 1633 412 1680; x_wconf 83' lang='lat' dir='ltr'>jungit.</span> <span class='ocrx_word' id='word_1_124' title='bbox 474 1633 607 1668; x_wconf 84' lang='lat' dir='ltr'>Nostri</span> <span class='ocrx_word' id='word_1_125' title='bbox 635 1631 796 1667; x_wconf 80' lang='lat' dir='ltr'>nostram</span> <span class='ocrx_word' id='word_1_126' title='bbox 825 1633 1061 1679; x_wconf 82' lang='lat' dir='ltr'>(quanquam</span> <span class='ocrx_word' id='word_1_127' title='bbox 1092 1632 1203 1667; x_wconf 76' lang='lat' dir='ltr'>molet</span> <span class='ocrx_word' id='word_1_128' title='bbox 1222 1631 1358 1678; x_wconf 62' lang='lat' dir='ltr'>Pleu),</span> <span class='ocrx_word' id='word_1_129' title='bbox 1393 1625 1589 1667; x_wconf 76' lang='lat' dir='ltr'>com‘mexi·</span> 
     </span>
    </p>

    <p class='ocr_par' dir='ltr' id='par_1_7' title="bbox 274 1687 1589 1735">
     <span class='ocr_line' id='line_1_19' title="bbox 274 1687 1589 1735; baseline -0.001 -12"><span class='ocrx_word' id='word_1_130' title='bbox 274 1688 397 1724; x_wconf 78' lang='lat' dir='ltr'>datam</span> <span class='ocrx_word' id='word_1_131' title='bbox 412 1688 490 1735; x_wconf 84' lang='lat' dir='ltr'>ipsa</span> <span class='ocrx_word' id='word_1_132' title='bbox 510 1688 704 1726; x_wconf 76' lang='lat' dir='ltr'>varietate,</span> <span class='ocrx_word' id='word_1_133' title='bbox 725 1700 810 1721; x_wconf 89' lang='lat' dir='ltr'>cum</span> <span class='ocrx_word' id='word_1_134' title='bbox 834 1687 953 1721; x_wconf 85' lang='lat' dir='ltr'>modo</span> <span class='ocrx_word' id='word_1_135' title='bbox 973 1694 1108 1733; x_wconf 79' lang='lat' dir='ltr'>quanto</span> <span class='ocrx_word' id='word_1_136' title='bbox 1130 1700 1186 1721; x_wconf 77' lang='lat' dir='ltr'>me</span> <span class='ocrx_word' id='word_1_137' title='bbox 1201 1688 1317 1735; x_wconf 79' lang='lat' dir='ltr'>premi</span> <span class='ocrx_word' id='word_1_138' title='bbox 1335 1687 1589 1734; x_wconf 62' lang='lat' dir='ltr'>praecellerit.</span> 
     </span>
    </p>

    <p class='ocr_par' dir='ltr' id='par_1_8' title="bbox 272 1740 1590 1792">
     <span class='ocr_line' id='line_1_20' title="bbox 272 1740 1590 1792; baseline -0.002 -14"><span class='ocrx_word' id='word_1_139' title='bbox 272 1746 347 1781; x_wconf 77' lang='lat' dir='ltr'>vim</span> <span class='ocrx_word' id='word_1_140' title='bbox 366 1756 473 1792; x_wconf 83' lang='lat' dir='ltr'>quam</span> <span class='ocrx_word' id='word_1_141' title='bbox 491 1755 562 1790; x_wconf 81' lang='lat' dir='ltr'>pro</span> <span class='ocrx_word' id='word_1_142' title='bbox 587 1756 745 1790; x_wconf 80' lang='lat' dir='ltr'>unquam</span> <span class='ocrx_word' id='word_1_143' title='bbox 762 1742 894 1776; x_wconf 81' lang='lat' dir='ltr'>Ambr.</span> <span class='ocrx_word' id='word_1_144' title='bbox 918 1750 955 1776; x_wconf 87' lang='lat'>2.</span> <span class='ocrx_word' id='word_1_145' title='bbox 986 1740 1126 1787; x_wconf 75' lang='lat' dir='ltr'>efficere</span> <span class='ocrx_word' id='word_1_146' title='bbox 1153 1745 1278 1789; x_wconf 77' lang='lat' dir='ltr'>potius</span> <span class='ocrx_word' id='word_1_147' title='bbox 1310 1741 1408 1778; x_wconf 77' lang='lat' dir='ltr'>Von‘.</span> <span class='ocrx_word' id='word_1_148' title='bbox 1446 1755 1479 1776; x_wconf 83' lang='grc' dir='ltr'>ι.</span> <span class='ocrx_word' id='word_1_149' title='bbox 1503 1741 1590 1788; x_wconf 73' lang='lat' dir='ltr'>spe·</span> 
     </span>
    </p>

    <p class='ocr_par' dir='ltr' id='par_1_9' title="bbox 273 1793 1570 1846">
     <span class='ocr_line' id='line_1_21' title="bbox 273 1793 1570 1846; baseline -0.002 -13"><span class='ocrx_word' id='word_1_150' title='bbox 273 1812 355 1834; x_wconf 78' lang='lat' dir='ltr'>rare</span> <span class='ocrx_word' id='word_1_151' title='bbox 381 1797 506 1833; x_wconf 86' lang='lat' dir='ltr'>Guelf.</span> <span class='ocrx_word' id='word_1_152' title='bbox 540 1798 684 1832; x_wconf 77' lang='lat' dir='ltr'>initium.</span> <span class='ocrx_word' id='word_1_153' title='bbox 715 1793 896 1846; x_wconf 57' lang='lat' dir='ltr'>aparuiffe</span> <span class='ocrx_word' id='word_1_154' title='bbox 922 1794 1022 1830; x_wconf 86' lang='lat' dir='ltr'>Flor.</span> <span class='ocrx_word' id='word_1_155' title='bbox 1047 1794 1269 1843; x_wconf 72' lang='lat' dir='ltr'>sollicitanti</span> <span class='ocrx_word' id='word_1_156' title='bbox 1308 1797 1438 1832; x_wconf 79' lang='lat' dir='ltr'>Turio.</span> <span class='ocrx_word' id='word_1_157' title='bbox 1467 1794 1570 1846; x_wconf 75' lang='lat' dir='ltr'>Flor-</span> 
     </span>
    </p>

    <p class='ocr_par' dir='ltr' id='par_1_10' title="bbox 555 1847 1590 1888">
     <span class='ocr_line' id='line_1_22' title="bbox 555 1847 1590 1888; baseline 0 -1"><span class='ocrx_word' id='word_1_158' title='bbox 555 1853 640 1887; x_wconf 85' lang='lat' dir='ltr'>dum</span> <span class='ocrx_word' id='word_1_159' title='bbox 672 1861 804 1887; x_wconf 78' lang='lat' dir='ltr'>tamen.</span> <span class='ocrx_word' id='word_1_160' title='bbox 865 1852 926 1887; x_wconf 89' lang='lat' dir='ltr'>Sic</span> <span class='ocrx_word' id='word_1_161' title='bbox 957 1851 1089 1886; x_wconf 86' lang='lat' dir='ltr'>Turic.</span> <span class='ocrx_word' id='word_1_162' title='bbox 1111 1849 1213 1888; x_wconf 86' lang='lat' dir='ltr'>Flor.</span> <span class='ocrx_word' id='word_1_163' title='bbox 1237 1850 1365 1886; x_wconf 77' lang='lat' dir='ltr'>Ambr.</span> <span class='ocrx_word' id='word_1_164' title='bbox 1392 1862 1428 1887; x_wconf 87' lang='lat'>2.</span> <span class='ocrx_word' id='word_1_165' title='bbox 1457 1847 1590 1887; x_wconf 55' lang='lat' dir='ltr'>Guelfss</span> 
     </span>
    </p>

    <p class='ocr_par' dir='ltr' id='par_1_11' title="bbox 273 1905 1589 1955">
     <span class='ocr_line' id='line_1_23' title="bbox 273 1905 1589 1955; baseline -0.004 -10"><span class='ocrx_word' id='word_1_166' title='bbox 273 1922 362 1945; x_wconf 85' lang='lat' dir='ltr'>cum</span> <span class='ocrx_word' id='word_1_167' title='bbox 383 1907 482 1944; x_wconf 86' lang='lat' dir='ltr'>Alm.</span> <span class='ocrx_word' id='word_1_168' title='bbox 503 1909 540 1943; x_wconf 86' lang='lat' dir='ltr'>d.</span> <span class='ocrx_word' id='word_1_169' title='bbox 562 1917 702 1943; x_wconf 75' lang='lat' dir='ltr'>tantum</span> <span class='ocrx_word' id='word_1_170' title='bbox 718 1906 873 1954; x_wconf 84' lang='lat' dir='ltr'>reliqui.</span> <span class='ocrx_word' id='word_1_171' title='bbox 930 1906 1111 1955; x_wconf 77' lang='lat' dir='ltr'>plerisque</span> <span class='ocrx_word' id='word_1_172' title='bbox 1140 1908 1301 1954; x_wconf 79' lang='lat' dir='ltr'>parcium</span> <span class='ocrx_word' id='word_1_173' title='bbox 1331 1905 1435 1941; x_wconf 84' lang='lat' dir='ltr'>Flor.</span> <span class='ocrx_word' id='word_1_174' title='bbox 1490 1905 1589 1941; x_wconf 75' lang='lat' dir='ltr'>velut</span> 
     </span>
    </p>

    <p class='ocr_par' dir='ltr' id='par_1_12' title="bbox 199 1961 1594 2054">
     <span class='ocr_line' id='line_1_24' title="bbox 199 1961 1594 2010; baseline -0.001 -12"><span class='ocrx_word' id='word_1_175' title='bbox 199 1967 204 1972; x_wconf 84' lang='grc'>’</span> <span class='ocrx_word' id='word_1_176' title='bbox 275 1965 401 1999; x_wconf 76' lang='lat' dir='ltr'>iisdem</span> <span class='ocrx_word' id='word_1_177' title='bbox 422 1964 606 1999; x_wconf 86' lang='lat' dir='ltr'>omittunt</span> <span class='ocrx_word' id='word_1_178' title='bbox 625 1964 755 1999; x_wconf 77' lang='lat' dir='ltr'>Turio.</span> <span class='ocrx_word' id='word_1_179' title='bbox 774 1963 877 1999; x_wconf 87' lang='lat' dir='ltr'>Flor.</span> <span class='ocrx_word' id='word_1_180' title='bbox 900 1964 1030 2010; x_wconf 81' lang='lat' dir='ltr'>Camp.</span> <span class='ocrx_word' id='word_1_181' title='bbox 1054 1975 1160 1997; x_wconf 76' lang='lat' dir='ltr'>aures</span> <span class='ocrx_word' id='word_1_182' title='bbox 1178 1963 1348 1998; x_wconf 76' lang='lat' dir='ltr'>habemus</span> <span class='ocrx_word' id='word_1_183' title='bbox 1373 1961 1501 1997; x_wconf 78' lang='lat' dir='ltr'>Turio.</span> <span class='ocrx_word' id='word_1_184' title='bbox 1523 1974 1594 2010; x_wconf 74' lang='lat' dir='ltr'>au-v</span> 
     </span>
     <span class='ocr_line' id='line_1_25' title="bbox 273 2018 645 2054; baseline -0.005 0"><span class='ocrx_word' id='word_1_185' title='bbox 273 2033 332 2054; x_wconf 83' lang='lat' dir='ltr'>ras</span> <span class='ocrx_word' id='word_1_186' title='bbox 354 2020 525 2054; x_wconf 74' lang='lat' dir='ltr'>habemus</span> <span class='ocrx_word' id='word_1_187' title='bbox 542 2021 570 2053; x_wconf 91' lang='lat' dir='ltr'><strong>F</strong></span> <span class='ocrx_word' id='word_1_188' title='bbox 572 2018 645 2054; x_wconf 86' lang='lat' dir='ltr'>lor.</span> 
     </span>
    </p>
   </div>
   <div class='ocr_carea' id='block_1_4' title="bbox 272 2094 1586 2256">
    <p class='ocr_par' dir='ltr' id='par_1_13' title="bbox 272 2094 1586 2256">
     <span class='ocr_line' id='line_1_26' title="bbox 357 2094 1586 2146; baseline -0.003 -14"><span class='ocrx_word' id='word_1_189' title='bbox 357 2105 395 2139; x_wconf 77' lang='lat'>5.</span> <span class='ocrx_word' id='word_1_190' title='bbox 424 2095 655 2146; x_wconf 70' lang='lat' dir='ltr'>paucffmos</span> <span class='ocrx_word' id='word_1_191' title='bbox 682 2109 774 2144; x_wconf 81' lang='lat' dir='ltr'>quae</span> <span class='ocrx_word' id='word_1_192' title='bbox 800 2096 930 2131; x_wconf 88' lang='lat' dir='ltr'>Turic.</span> <span class='ocrx_word' id='word_1_193' title='bbox 962 2094 1088 2132; x_wconf 85' lang='lat' dir='ltr'>Guelf.</span> <span class='ocrx_word' id='word_1_194' title='bbox 1128 2096 1202 2130; x_wconf 90' lang='lat' dir='ltr'>Pro</span> <span class='ocrx_word' id='word_1_195' title='bbox 1231 2095 1315 2130; x_wconf 82' lang='lat' dir='ltr'>Jam</span> <span class='ocrx_word' id='word_1_196' title='bbox 1333 2114 1388 2122; x_wconf 89' lang='lat'>—</span> <span class='ocrx_word' id='word_1_197' title='bbox 1408 2102 1586 2129; x_wconf 77' lang='lat' dir='ltr'>tentatam</span> 
     </span>
     <span class='ocr_line' id='line_1_27' title="bbox 272 2149 1586 2200; baseline -0.004 -12"><span class='ocrx_word' id='word_1_198' title='bbox 272 2152 389 2188; x_wconf 81' lang='lat' dir='ltr'>Goth.</span> <span class='ocrx_word' id='word_1_199' title='bbox 413 2152 473 2187; x_wconf 84' lang='lat' dir='ltr'>nil</span> <span class='ocrx_word' id='word_1_200' title='bbox 492 2152 563 2186; x_wconf 85' lang='lat' dir='ltr'>nisi</span> <span class='ocrx_word' id='word_1_201' title='bbox 585 2160 670 2188; x_wconf 83' lang='lat' dir='ltr'>tam.</span> <span class='ocrx_word' id='word_1_202' title='bbox 691 2151 821 2186; x_wconf 82' lang='lat' dir='ltr'>Turio.</span> <span class='ocrx_word' id='word_1_203' title='bbox 846 2149 1090 2199; x_wconf 69' lang='lat' dir='ltr'>ing-rqffumus.</span> <span class='ocrx_word' id='word_1_204' title='bbox 1317 2152 1380 2200; x_wconf 81' lang='lat' dir='ltr'>qui</span> <span class='ocrx_word' id='word_1_205' title='bbox 1409 2157 1482 2195; x_wconf 82' lang='lat' dir='ltr'>tam</span> <span class='ocrx_word' id='word_1_206' title='bbox 1499 2161 1586 2195; x_wconf 85' lang='lat' dir='ltr'>pro-</span> 
     </span>
     <span class='ocr_line' id='line_1_28' title="bbox 272 2202 1584 2256; baseline -0.003 -13"><span class='ocrx_word' id='word_1_207' title='bbox 272 2208 339 2244; x_wconf 82' lang='lat' dir='ltr'>cul.</span> <span class='ocrx_word' id='word_1_208' title='bbox 374 2207 495 2243; x_wconf 88' lang='lat' dir='ltr'>Primi</span> <span class='ocrx_word' id='word_1_209' title='bbox 514 2207 688 2243; x_wconf 79' lang='lat' dir='ltr'>dedimus</span> <span class='ocrx_word' id='word_1_210' title='bbox 711 2220 731 2242; x_wconf 83' lang='lat' dir='ltr'>e</span> <span class='ocrx_word' id='word_1_211' title='bbox 759 2207 976 2254; x_wconf 84' lang='lat' dir='ltr'>conjectura</span> <span class='ocrx_word' id='word_1_212' title='bbox 995 2206 1160 2242; x_wconf 74' lang='lat' dir='ltr'>Gesneri.</span> <span class='ocrx_word' id='word_1_213' title='bbox 1190 2207 1277 2256; x_wconf 75' lang='lat' dir='ltr'>quia</span> <span class='ocrx_word' id='word_1_214' title='bbox 1302 2204 1429 2253; x_wconf 73' lang='lat' dir='ltr'>procul</span> <span class='ocrx_word' id='word_1_215' title='bbox 1452 2202 1584 2240; x_wconf 76' lang='lat' dir='ltr'>Turio.</span> 
     </span>
    </p>
   </div>
   <div class='ocr_carea' id='block_1_5' title="bbox 265 2356 1590 2800">
    <p class='ocr_par' dir='ltr' id='par_1_14' title="bbox 269 2356 1584 2461">
     <span class='ocr_line' id='line_1_29' title="bbox 327 2356 1584 2409; baseline -0.004 -14"><span class='ocrx_word' id='word_1_216' title='bbox 327 2369 365 2395; x_wconf 77' lang='lat'>2.</span> <span class='ocrx_word' id='word_1_217' title='bbox 396 2359 822 2409; x_wconf 48' lang='lat' dir='ltr'>deficeress-desperare.</span> <span class='ocrx_word' id='word_1_218' title='bbox 850 2359 896 2395; x_wconf 82' lang='lat' dir='ltr'>cf.</span> <span class='ocrx_word' id='word_1_219' title='bbox 955 2359 1078 2395; x_wconf 82' lang='lat' dir='ltr'>socios</span> <span class='ocrx_word' id='word_1_220' title='bbox 1105 2359 1275 2394; x_wconf 76' lang='lat' dir='ltr'>nostrum</span> <span class='ocrx_word' id='word_1_221' title='bbox 1303 2367 1488 2407; x_wconf 76' lang='lat' dir='ltr'>appareat,</span> <span class='ocrx_word' id='word_1_222' title='bbox 1516 2356 1584 2404; x_wconf 77' lang='lat' dir='ltr'>qui</span> 
     </span>
     <span class='ocr_line' id='line_1_30' title="bbox 269 2409 1582 2461; baseline -0.005 -9"><span class='ocrx_word' id='word_1_223' title='bbox 269 2425 310 2459; x_wconf 79' lang='lat'>2,</span> <span class='ocrx_word' id='word_1_224' title='bbox 345 2426 407 2457; x_wconf 83' lang='lat'>12,</span> <span class='ocrx_word' id='word_1_225' title='bbox 445 2426 505 2452; x_wconf 64' lang='grc' dir='ltr'>ια.</span> <span class='ocrx_word' id='word_1_226' title='bbox 957 2413 1023 2449; x_wconf 74' lang='lat' dir='ltr'>etii</span> <span class='ocrx_word' id='word_1_227' title='bbox 1043 2415 1190 2461; x_wconf 76' lang='lat' dir='ltr'>longius</span> <span class='ocrx_word' id='word_1_228' title='bbox 1207 2422 1395 2461; x_wconf 78' lang='lat' dir='ltr'>provectus</span> <span class='ocrx_word' id='word_1_229' title='bbox 1410 2409 1509 2447; x_wconf 82' lang='lat' dir='ltr'>nihil</span> <span class='ocrx_word' id='word_1_230' title='bbox 1528 2419 1582 2446; x_wconf 83' lang='lat' dir='ltr'>ta-</span> 
     </span>
    </p>

    <p class='ocr_par' dir='ltr' id='par_1_15' title="bbox 265 2466 1590 2800">
     <span class='ocr_line' id='line_1_31' title="bbox 325 2466 1590 2518; baseline -0.006 -11"><span class='ocrx_word' id='word_1_231' title='bbox 325 2485 388 2507; x_wconf 81' lang='lat' dir='ltr'>nec</span> <span class='ocrx_word' id='word_1_232' title='bbox 400 2471 629 2508; x_wconf 78' lang='lat' dir='ltr'>adhuc—et</span> <span class='ocrx_word' id='word_1_233' title='bbox 640 2471 899 2506; x_wconf 67' lang='lat' dir='ltr'>multos.Hae0</span> <span class='ocrx_word' id='word_1_234' title='bbox 956 2483 1036 2504; x_wconf 83' lang='lat' dir='ltr'>men</span> <span class='ocrx_word' id='word_1_235' title='bbox 1059 2480 1208 2518; x_wconf 81' lang='lat' dir='ltr'>praeter</span> <span class='ocrx_word' id='word_1_236' title='bbox 1231 2477 1319 2503; x_wconf 80' lang='lat' dir='ltr'>nota</span> <span class='ocrx_word' id='word_1_237' title='bbox 1344 2466 1410 2502; x_wconf 74' lang='lat' dir='ltr'>illa</span> <span class='ocrx_word' id='word_1_238' title='bbox 1433 2470 1590 2501; x_wconf 77' lang='lat' dir='ltr'>tractet.&#39;</span> 
     </span>
     <span class='ocr_line' id='line_1_32' title="bbox 268 2520 1578 2576; baseline -0.007 -13"><span class='ocrx_word' id='word_1_239' title='bbox 268 2526 447 2576; x_wconf 82' lang='lat' dir='ltr'>legitimo</span> <span class='ocrx_word' id='word_1_240' title='bbox 478 2527 549 2563; x_wconf 90' lang='lat' dir='ltr'>illo</span> <span class='ocrx_word' id='word_1_241' title='bbox 581 2526 807 2576; x_wconf 81' lang='lat' dir='ltr'>copularum</span> <span class='ocrx_word' id='word_1_242' title='bbox 835 2538 898 2559; x_wconf 78' lang='lat' dir='ltr'>nec</span> <span class='ocrx_word' id='word_1_243' title='bbox 954 2526 1062 2566; x_wconf 81' lang='lat' dir='ltr'><em>Dum,</em></span> <span class='ocrx_word' id='word_1_244' title='bbox 1088 2535 1130 2560; x_wconf 89' lang='lat' dir='ltr'>ut</span> <span class='ocrx_word' id='word_1_245' title='bbox 1151 2523 1273 2572; x_wconf 83' lang='lat' dir='ltr'>aliqui</span> <span class='ocrx_word' id='word_1_246' title='bbox 1294 2534 1448 2570; x_wconf 82' lang='lat' dir='ltr'>quoque</span> <span class='ocrx_word' id='word_1_247' title='bbox 1477 2520 1578 2555; x_wconf 80' lang='lat' dir='ltr'>vidi-</span> 
     </span>
     <span class='ocr_line' id='line_1_33' title="bbox 269 2576 1579 2630; baseline -0.003 -14"><span class='ocrx_word' id='word_1_248' title='bbox 269 2593 381 2630; x_wconf 82' lang='lat' dir='ltr'>atque</span> <span class='ocrx_word' id='word_1_249' title='bbox 413 2591 450 2617; x_wconf 82' lang='lat' dir='ltr'>et</span> <span class='ocrx_word' id='word_1_250' title='bbox 485 2582 644 2620; x_wconf 88' lang='lat' dir='ltr'>vinculo</span> <span class='ocrx_word' id='word_1_251' title='bbox 683 2582 896 2629; x_wconf 84' lang='lat' dir='ltr'>junguntur</span> <span class='ocrx_word' id='word_1_252' title='bbox 952 2593 1048 2620; x_wconf 85' lang='lat' dir='ltr'>mus.</span> <span class='ocrx_word' id='word_1_253' title='bbox 1061 2579 1220 2629; x_wconf 83' lang='lat' dir='ltr'>proprio</span> <span class='ocrx_word' id='word_1_254' title='bbox 1241 2578 1306 2613; x_wconf 86' lang='lat' dir='ltr'>usu</span> <span class='ocrx_word' id='word_1_255' title='bbox 1324 2576 1579 2612; x_wconf 83' lang='lat' dir='ltr'>indicativum</span> 
     </span>
     <span class='ocr_line' id='line_1_34' title="bbox 266 2631 1463 2685; baseline -0.005 -13"><span class='ocrx_word' id='word_1_256' title='bbox 266 2638 331 2682; x_wconf 83' lang='lat' dir='ltr'>(ut</span> <span class='ocrx_word' id='word_1_257' title='bbox 361 2649 455 2671; x_wconf 85' lang='lat' dir='ltr'>mox</span> <span class='ocrx_word' id='word_1_258' title='bbox 493 2641 527 2685; x_wconf 52' lang='grc' dir='ltr'>ᾗ.</span> <span class='ocrx_word' id='word_1_259' title='bbox 558 2646 593 2682; x_wconf 76' lang='grc'>4.</span> <span class='ocrx_word' id='word_1_260' title='bbox 626 2646 795 2672; x_wconf 78' lang='lat' dir='ltr'>nec—et</span> <span class='ocrx_word' id='word_1_261' title='bbox 813 2636 892 2671; x_wconf 85' lang='lat' dir='ltr'>lon·</span> <span class='ocrx_word' id='word_1_262' title='bbox 949 2635 1149 2684; x_wconf 82' lang='lat' dir='ltr'>praesentis</span> <span class='ocrx_word' id='word_1_263' title='bbox 1179 2632 1248 2668; x_wconf 85' lang='lat' dir='ltr'>fibi</span> <span class='ocrx_word' id='word_1_264' title='bbox 1281 2631 1463 2667; x_wconf 77' lang='lat' dir='ltr'>vindicat.</span> 
     </span>
     <span class='ocr_line' id='line_1_35' title="bbox 265 2685 1578 2742; baseline -0.003 -16"><span class='ocrx_word' id='word_1_265' title='bbox 265 2694 378 2740; x_wconf 82' lang='lat' dir='ltr'>gius),</span> <span class='ocrx_word' id='word_1_266' title='bbox 395 2693 447 2726; x_wconf 83' lang='lat' dir='ltr'>ita</span> <span class='ocrx_word' id='word_1_267' title='bbox 461 2703 504 2727; x_wconf 89' lang='lat' dir='ltr'>ut</span> <span class='ocrx_word' id='word_1_268' title='bbox 521 2703 555 2728; x_wconf 80' lang='lat' dir='ltr'>et</span> <span class='ocrx_word' id='word_1_269' title='bbox 571 2707 690 2742; x_wconf 81' lang='lat' dir='ltr'>prope</span> <span class='ocrx_word' id='word_1_270' title='bbox 702 2692 793 2727; x_wconf 84' lang='lat' dir='ltr'>litus</span> <span class='ocrx_word' id='word_1_271' title='bbox 809 2691 891 2732; x_wconf 83' lang='lat' dir='ltr'>effe.</span> <span class='ocrx_word' id='word_1_272' title='bbox 1006 2699 1043 2733; x_wconf 79' lang='lat'>5.</span> <span class='ocrx_word' id='word_1_273' title='bbox 1073 2688 1498 2735; x_wconf 60' lang='lat' dir='ltr'>rarus—reperiebatur.</span> <span class='ocrx_word' id='word_1_274' title='bbox 1527 2685 1578 2726; x_wconf 46' lang='grc' dir='ltr'>οἷς</span> 
     </span>
     <span class='ocr_line' id='line_1_36' title="bbox 266 2745 1561 2800; baseline -0.005 -15"><span class='ocrx_word' id='word_1_275' title='bbox 266 2755 303 2788; x_wconf 74' lang='lat' dir='ltr'>et</span> <span class='ocrx_word' id='word_1_276' title='bbox 315 2745 459 2784; x_wconf 85' lang='lat' dir='ltr'>multos</span> <span class='ocrx_word' id='word_1_277' title='bbox 480 2747 620 2800; x_wconf 70' lang='lat' dir='ltr'>habere</span> <span class='ocrx_word' id='word_1_278' title='bbox 633 2748 892 2797; x_wconf 77' lang='lat' dir='ltr'>navigationis</span> <span class='ocrx_word' id='word_1_279' title='bbox 950 2746 987 2786; x_wconf 89' lang='lat'>6,</span> <span class='ocrx_word' id='word_1_280' title='bbox 1019 2757 1056 2786; x_wconf 86' lang='lat'>2.</span> <span class='ocrx_word' id='word_1_281' title='bbox 1086 2753 1124 2788; x_wconf 74' lang='grc' dir='ltr'>ὅ.</span> <span class='ocrx_word' id='word_1_282' title='bbox 1557 2752 1561 2753; x_wconf 67' lang='grc'>’</span> 
     </span>
    </p>
   </div>
  </div>
 </body>
</html>
