1676 3028
300 261 401 313 490
605 254 678 300 M.
713 256 845 301 ΕΑΒ.
882 255 1291 316 QUINTILIANI

300 374 367 424 nt
397 376 583 440 aliquis
621 376 749 426 adeo
783 387 960 426 contra
995 379 1266 428 veritatem
1299 379 1609 439 obstinamS,

299 461 363 500 ut
384 451 568 499 audeat
589 452 774 510 dicere,
813 452 999 500 eodem
1020 453 1476 517 ingenio‚.-studio‚
1513 458 1609 506 do-

272 526 464 575 ‘ctrina
498 527 792 590 praeditum
824 528 996 576 nihilo
1027 528 1338 578 deteriorem
1365 529 1607 595 futu-imm

226 1066 274 1096 12

301 611 559 650 oratorem
581 603 777 649 malum
799 603 991 660 virum,
1030 620 1187 667 quarn
1209 605 1425 654 bonum.
1467 605 1623 666 Con-¹

302 678 575 724 vincamus
592 677 751 736 hujus
773 694 985 742 quoque
1004 681 1290 728 amentiam.
1315 681 1454 728 Nam
1475 667 1611 727 certe

300 767 460 800 nemo
482 750 758 808 dubitabit,
791 770 1007 808 ,omnem
1043 756 1331 803 orationem
1359 755 1418 803 id
1447 771 1612 821 agere,

299 837 364 875 ut
383 825 545 886 judici
559 863 573 883 ,
612 844 745 891 quae
764 827 1027 894 proposita
1046 828 1260 888 fuerint,
1298 840 1495 879 vetaret
1514 830 1612 879 ho-

300 901 442 950 nesta
471 901 761 950 videantur.
839 905 1030 952 Utrum
1067 905 1230 970 igitur
1269 905 1371 955 hoc
1407 903 1613 953 facilius

299 976 473 1025 bonus
494 979 578 1024 vir
596 977 938 1049 persuadebit,
977 997 1040 1028 an
1060 981 1260 1029 malus?
1299 983 1475 1029 Bonus
1495 981 1613 1043 qui-

304 1051 423 1100 dem
456 1052 592 1100 dicet
625 1052 825 1117 saepius
860 1070 982 1101 vera
1022 1066 1175 1120 atque
1210 1054 1435 1104 honesta.
1510 1053 1612 1103 Sed

301 1129 459 1175 etiam
491 1126 767 1191 siquando
803 1129 980 1192 aliquo
1013 1129 1199 1179 ductus
1221 1129 1403 1179 officio
1434 1126 1613 1196 (quod

301 1202 558 1260 accidere,
598 1213 657 1251 ut
695 1221 819 1252 mox
857 1204 1188 1262 docebimus,
1233 1203 1437 1271 potest)
1482 1202 1612 1252 falso

299 1277 427 1326 haec
447 1274 704 1326 affirmare
725 1280 1013 1336 conabitur,
1029 1283 1221 1340 majore
1247 1296 1365 1328 cum
1389 1278 1499 1327 fide
1522 1294 1615 1326 ne-

301 1350 428 1399 ceffe
467 1350 539 1398 est
580 1353 834 1401 audiatur.
915 1356 981 1402 At
1020 1355 1168 1403 malis
1207 1354 1514 1403 hominibus
1547 1369 1614 1401 ex

301 1437 570 1477 contemtu
593 1429 885 1493 opinionis,
924 1439 975 1476 et
997 1431 1287 1494 ignorantia
1307 1430 1449 1486 recti,
1480 1444 1616 1478 non-

297 1519 574 1567 nunquam
591 1503 783 1550 excidit
807 1503 915 1568 ipsa
939 1503 1213 1554 simulatio.
1270 1504 1400 1552 Inde
1426 1505 1616 1552 immo-

387 1664 448 1688 11.
480 1651 580 1688 Nam
606 1662 709 1689 certe.
742 1654 804 1688 Sic
833 1653 965 1691 Turio.
997 1655 1124 1701 Camp.
1162 1653 1228 1689 hoc
1255 1654 1426 1690 inserunt
1450 1652 1611 1702 reliqui.

299 1708 484 1744 dubitavit
514 1708 646 1742 Turio.
677 1709 780 1744 Flor.
814 1710 944 1756 Camp.
986 1721 1072 1743 cum
1104 1709 1204 1744 Alm.
1477 1711 1614 1743 oratio-

299 1777 394 1799 nem.
436 1764 498 1798 Sic
533 1763 665 1798 Turic.
699 1763 800 1798 Flor.
839 1764 972 1798 Ambr.
1014 1773 1049 1798 2.
1096 1763 1219 1799 Guelf.
1249 1771 1431 1802 oratorem
1459 1763 1615 1811 reliqui.

301 1832 410 1865 agere
436 1820 566 1853 vitium
593 1831 684 1867 quae
713 1819 845 1854 Turic.
875 1817 976 1854 Flor.
1009 1817 1202 1868 proposita
1240 1832 1315 1855 om.
1347 1818 1478 1853 Turio.
1511 1817 1615 1853 Flor.

302 1886 392 1908 cum
421 1872 522 1908 Alm.
549 1871 736 1921 preposita
766 1874 896 1910 Ambr.
929 1883 965 1908 2.
997 1888 1088 1909 vara
1115 1874 1248 1910 Ambr.
1280 1885 1317 1910 2.

441 1929 586 1976 quidem
614 1929 721 1964 dicet.
755 1929 817 1965 Sic
846 1929 976 1965 Turio.
1007 1929 1109 1965 Flor.
1140 1930 1270 1978 Camp.
1299 1937 1336 1963 ec
1362 1929 1531 1964 inserunt
1556 1941 1617 1964 re·

302 1983 416 2032 liqui.

393 2048 455 2074 12.
508 2039 607 2090 quod
635 2040 812 2089 occidetjet
838 2039 941 2078 Flor.
972 2041 1111 2093 majore
1140 2053 1216 2076 om.
1250 2040 1380 2088 Camp.
1409 2038 1524 2074 malus
1552 2037 1617 2074 Ῑιο·

364 2193 425 2220 12.
483 2192 524 2218 ut
574 2196 658 2218 mox
715 2183 932 2219 docebimus.
1047 2181 1252 2231 immodeste
1269 2181 1420 2231 —fine
1464 2180 1615 2228 pudore.

303 2241 406 2276 Infra
437 2254 456 2274 a
487 2239 518 2282 ᾖ.
546 2239 634 2273 inde
658 2247 722 2281 35.
781 2239 858 2285 Qui
883 2249 934 2273 ta·
989 2242 1087 2275 Puto
1103 2237 1522 2286 interess‘e,quodprius
1533 2248 1618 2270 mo-

299 2309 390 2332 men
409 2296 536 2330 minus
551 2294 672 2328 faveat
690 2294 830 2334 nostro,
865 2306 934 2341 po·
992 2295 1041 2329 do
1069 2305 1185 2334 caret,
1217 2293 1378 2329 alterum
1406 2289 1618 2326 mentiendi

301 2351 395 2386 terit
415 2351 497 2384 [ane
527 2348 637 2383 miris
658 2349 784 2384 modis
805 2349 934 2396 exagi-
991 2350 1267 2398 turpitudinem
1280 2361 1358 2384 non
1376 2347 1499 2383 sentit.
1529 2345 1617 2380 Pro·

303 2417 382 2441 tare
413 2417 502 2440 cum
535 2404 611 2439 hoc
649 2417 804 2451 quoque
835 2404 934 2438 inter
990 2418 1124 2452 ponere
1143 2405 1244 2439 enim
1257 2403 1433 2452 potestate
1451 2399 1518 2435 illa
1534 2411 1618 2434 ora-

303 2460 509 2496 commoda
549 2458 704 2495 virtutis
745 2458 935 2494 recensen-
990 2460 1089 2495 toria
1122 2460 1282 2499 dicitur,
1331 2471 1402 2506 qua
1439 2454 1619 2490 indicunt

302 2526 403 2556 tem,
449 2514 556 2563 quod
584 2514 722 2562 species
761 2515 841 2560 ejus
872 2526 935 2548 ex·
990 2527 1050 2550 res
1081 2524 1173 2550 mox
1193 2512 1425 2563 probandas:
1466 2507 1512 2545 cf.
1553 2521 1619 2547 ιι.

305 2580 410 2605 terna
434 2581 471 2606 et
495 2570 594 2605 bona
613 2570 709 2604 fama
740 2569 830 2604 inde
851 2579 935 2604 nata
993 2578 1030 2612 5,
1065 2570 1156 2612 165.
1215 2570 1282 2606 Vir
1297 2566 1419 2602 r'nalus
1437 2564 1502 2600 hie
1523 2575 1620 2611 quo-

303 2626 445 2674 poffint
462 2625 656 2660 interdum
675 2625 806 2659 fucum
816 2624 937 2660 faeere
993 2638 1069 2673 que
1096 2623 1214 2660 nimia
1238 2621 1466 2671 pollicetur,
1504 2618 1621 2654 standi

304 2679 513 2727 judicibus.
993 2680 1044 2716 iis
1067 2680 1229 2715 securus.

362 2735 555 2782 opinionis.
586 2734 632 2770 cf.
666 2744 712 2776 2,
747 2745 808 2776 12,
846 2742 881 2779 5.
