<?xml version="1.0" encoding="UTF-8"?>
<!DOCTYPE html PUBLIC "-//W3C//DTD XHTML 1.0 Transitional//EN"
    "http://www.w3.org/TR/xhtml1/DTD/xhtml1-transitional.dtd">
<html xmlns="http://www.w3.org/1999/xhtml" xml:lang="en" lang="en">
 <head>
  <title>
</title>
<meta http-equiv="Content-Type" content="text/html;charset=utf-8" />
  <meta name='ocr-system' content='tesseract 3.04.00' />
  <meta name='ocr-capabilities' content='ocr_page ocr_carea ocr_par ocr_line ocrx_word'/>
</head>
<body>
  <div class='ocr_page' id='page_1' title='image "./lexiconquintilia04bonnuoft/lexiconquintilia04bonnuoft_0309.png"; bbox 0 0 1676 3028; ppageno 0'>
   <div class='ocr_carea' id='block_1_1' title="bbox 48 982 854 1032">
    <p class='ocr_par' dir='ltr' id='par_1_1' title="bbox 48 982 854 1032">
     <span class='ocr_line' id='line_1_1' title="bbox 48 982 854 1032; baseline -0.001 -13"><span class='ocrx_word' id='word_1_1' title='bbox 48 999 50 1001; x_wconf 94' lang='lat'>·</span> <span class='ocrx_word' id='word_1_2' title='bbox 111 982 327 1026; x_wconf 43' lang='grc' dir='ltr'>μοιιῐῐιζῘθιιΐ.</span> <span class='ocrx_word' id='word_1_3' title='bbox 349 984 464 1019; x_wconf 81' lang='lat' dir='ltr'>Tarv.</span> <span class='ocrx_word' id='word_1_4' title='bbox 494 983 656 1032; x_wconf 60' lang='lat' dir='ltr'>Reliqui</span> <span class='ocrx_word' id='word_1_5' title='bbox 676 982 854 1032; x_wconf 69' lang='lat' dir='ltr'>accusare.</span> 
     </span>
    </p>
   </div>
   <div class='ocr_carea' id='block_1_2' title="bbox 378 167 1474 231">
    <p class='ocr_par' dir='ltr' id='par_1_2' title="bbox 378 167 1474 231">
     <span class='ocr_line' id='line_1_2' title="bbox 378 167 1474 231; baseline -0.001 -14"><span class='ocrx_word' id='word_1_6' title='bbox 378 169 543 217; x_wconf 76' lang='grc' dir='ltr'><strong>ῙΝΒΤ.</strong></span> <span class='ocrx_word' id='word_1_7' title='bbox 581 167 863 215; x_wconf 83' lang='lat' dir='ltr'><strong>ORATOR.</strong></span> <span class='ocrx_word' id='word_1_8' title='bbox 895 168 1018 216; x_wconf 86' lang='lat' dir='ltr'><strong>LIB.</strong></span> <span class='ocrx_word' id='word_1_9' title='bbox 1053 169 1151 226; x_wconf 84' lang='lat' dir='ltr'>XI,</span> <span class='ocrx_word' id='word_1_10' title='bbox 1186 181 1228 214; x_wconf 90' lang='lat'>1.</span> <span class='ocrx_word' id='word_1_11' title='bbox 1376 183 1474 231; x_wconf 77' lang='lat'>279</span> 
     </span>
    </p>
   </div>
   <div class='ocr_carea' id='block_1_3' title="bbox 48 293 1549 828">
    <p class='ocr_par' dir='ltr' id='par_1_3' title="bbox 48 293 1549 828">
     <span class='ocr_line' id='line_1_3' title="bbox 129 293 1549 355; baseline -0.001 -6"><span class='ocrx_word' id='word_1_12' title='bbox 129 293 327 349; x_wconf 81' lang='lat' dir='ltr'>stetiffe.</span> <span class='ocrx_word' id='word_1_13' title='bbox 388 299 640 349; x_wconf 84' lang='lat' dir='ltr'>Ceterum</span> <span class='ocrx_word' id='word_1_14' title='bbox 659 296 748 346; x_wconf 87' lang='lat' dir='ltr'>vel</span> <span class='ocrx_word' id='word_1_15' title='bbox 766 293 1083 344; x_wconf 83' lang='lat' dir='ltr'>facillimum</span> <span class='ocrx_word' id='word_1_16' title='bbox 1105 306 1205 355; x_wconf 88' lang='lat' dir='ltr'>est,</span> <span class='ocrx_word' id='word_1_17' title='bbox 1243 296 1322 346; x_wconf 85' lang='lat' dir='ltr'>ibi</span> <span class='ocrx_word' id='word_1_18' title='bbox 1347 299 1471 348; x_wconf 85' lang='lat' dir='ltr'>alie·</span> <span class='ocrx_word' id='word_1_19' title='bbox 1494 314 1518 354; x_wconf 80' lang='lat'>8</span> <span class='ocrx_word' id='word_1_20' title='bbox 1532 324 1549 347; x_wconf 85' lang='lat'><em>1</em></span> 
     </span>
     <span class='ocr_line' id='line_1_4' title="bbox 48 371 1470 441; baseline -0.001 -15"><span class='ocrx_word' id='word_1_21' title='bbox 48 383 50 386; x_wconf 77' lang='grc'>’</span> <span class='ocrx_word' id='word_1_22' title='bbox 78 392 251 426; x_wconf 60' lang='grc' dir='ltr'>«ωιτη</span> <span class='ocrx_word' id='word_1_23' title='bbox 281 374 491 441; x_wconf 79' lang='lat' dir='ltr'>culpam</span> <span class='ocrx_word' id='word_1_24' title='bbox 521 372 774 432; x_wconf 82' lang='lat' dir='ltr'>incusare,</span> <span class='ocrx_word' id='word_1_25' title='bbox 811 373 908 423; x_wconf 92' lang='lat' dir='ltr'>ubi</span> <span class='ocrx_word' id='word_1_26' title='bbox 934 371 1115 422; x_wconf 83' lang='lat' dir='ltr'>fateris</span> <span class='ocrx_word' id='word_1_27' title='bbox 1146 383 1305 423; x_wconf 86' lang='lat' dir='ltr'>tuam.</span> <span class='ocrx_word' id='word_1_28' title='bbox 1370 378 1470 424; x_wconf 87' lang='lat' dir='ltr'>Ve-</span> 
     </span>
     <span class='ocr_line' id='line_1_5' title="bbox 126 448 1470 521; baseline 0.001 -20"><span class='ocrx_word' id='word_1_29' title='bbox 126 469 249 509; x_wconf 83' lang='lat' dir='ltr'>rum</span> <span class='ocrx_word' id='word_1_30' title='bbox 277 451 338 501; x_wconf 80' lang='lat' dir='ltr'>id</span> <span class='ocrx_word' id='word_1_31' title='bbox 372 455 476 514; x_wconf 85' lang='lat' dir='ltr'>jam</span> <span class='ocrx_word' id='word_1_32' title='bbox 506 451 699 501; x_wconf 73' lang='lat' dir='ltr'>indicis</span> <span class='ocrx_word' id='word_1_33' title='bbox 741 448 840 508; x_wconf 87' lang='lat' dir='ltr'>est,</span> <span class='ocrx_word' id='word_1_34' title='bbox 878 467 990 504; x_wconf 89' lang='lat' dir='ltr'>non</span> <span class='ocrx_word' id='word_1_35' title='bbox 1023 451 1226 501; x_wconf 85' lang='lat' dir='ltr'>actoris.</span> <span class='ocrx_word' id='word_1_36' title='bbox 1307 453 1470 521; x_wconf 80' lang='lat' dir='ltr'>Quod</span> 
     </span>
     <span class='ocr_line' id='line_1_6' title="bbox 69 525 1528 594; baseline 0.001 -16"><span class='ocrx_word' id='word_1_37' title='bbox 69 560 71 564; x_wconf 85' lang='lat'><em>.</em></span> <span class='ocrx_word' id='word_1_38' title='bbox 124 527 167 578; x_wconf 82' lang='lat' dir='ltr'><strong>fi</strong></span> <span class='ocrx_word' id='word_1_39' title='bbox 185 529 336 578; x_wconf 86' lang='lat' dir='ltr'>nulla</span> <span class='ocrx_word' id='word_1_40' title='bbox 354 530 615 594; x_wconf 85' lang='lat' dir='ltr'>contingit</span> <span class='ocrx_word' id='word_1_41' title='bbox 635 526 912 586; x_wconf 77' lang='lat' dir='ltr'>excusatio,</span> <span class='ocrx_word' id='word_1_42' title='bbox 929 525 1037 577; x_wconf 83' lang='lat' dir='ltr'>sola</span> <span class='ocrx_word' id='word_1_43' title='bbox 1056 529 1292 578; x_wconf 88' lang='lat' dir='ltr'>colorem</span> <span class='ocrx_word' id='word_1_44' title='bbox 1310 529 1469 579; x_wconf 84' lang='lat' dir='ltr'>habet</span> <span class='ocrx_word' id='word_1_45' title='bbox 1523 581 1528 590; x_wconf 52' lang='lat'><em>„</em></span> 
     </span>
     <span class='ocr_line' id='line_1_7' title="bbox 123 604 1467 674; baseline 0.001 -19"><span class='ocrx_word' id='word_1_46' title='bbox 123 607 465 674; x_wconf 84' lang='lat' dir='ltr'>poenitentia.</span> <span class='ocrx_word' id='word_1_47' title='bbox 546 604 718 656; x_wconf 86' lang='lat' dir='ltr'>Potest</span> <span class='ocrx_word' id='word_1_48' title='bbox 758 605 902 654; x_wconf 87' lang='lat' dir='ltr'>enim</span> <span class='ocrx_word' id='word_1_49' title='bbox 931 604 1107 654; x_wconf 87' lang='lat' dir='ltr'>videri</span> <span class='ocrx_word' id='word_1_50' title='bbox 1134 604 1254 656; x_wconf 83' lang='lat' dir='ltr'>satis</span> <span class='ocrx_word' id='word_1_51' title='bbox 1287 623 1467 656; x_wconf 87' lang='lat' dir='ltr'>emen-</span> 
     </span>
     <span class='ocr_line' id='line_1_8' title="bbox 125 682 1466 747; baseline 0.001 -16"><span class='ocrx_word' id='word_1_52' title='bbox 125 682 294 742; x_wconf 84' lang='lat' dir='ltr'>datus,</span> <span class='ocrx_word' id='word_1_53' title='bbox 327 684 424 747; x_wconf 85' lang='lat' dir='ltr'>qui</span> <span class='ocrx_word' id='word_1_54' title='bbox 443 684 500 732; x_wconf 87' lang='lat' dir='ltr'>in</span> <span class='ocrx_word' id='word_1_55' title='bbox 525 682 713 732; x_wconf 86' lang='lat' dir='ltr'>odium</span> <span class='ocrx_word' id='word_1_56' title='bbox 737 699 939 740; x_wconf 83' lang='lat' dir='ltr'>eorum,</span> <span class='ocrx_word' id='word_1_57' title='bbox 962 683 1020 730; x_wconf 86' lang='lat' dir='ltr'>in</span> <span class='ocrx_word' id='word_1_58' title='bbox 1041 683 1237 747; x_wconf 81' lang='lat' dir='ltr'>quibus</span> <span class='ocrx_word' id='word_1_59' title='bbox 1259 700 1466 732; x_wconf 80' lang='lat' dir='ltr'>errave-</span> 
     </span>
     <span class='ocr_line' id='line_1_9' title="bbox 122 758 1539 828; baseline 0.001 -20"><span class='ocrx_word' id='word_1_60' title='bbox 122 770 226 819; x_wconf 81' lang='lat' dir='ltr'>rat,</span> <span class='ocrx_word' id='word_1_61' title='bbox 270 759 382 828; x_wconf 81' lang='lat' dir='ltr'>ipse</span> <span class='ocrx_word' id='word_1_62' title='bbox 417 758 701 810; x_wconf 79' lang='lat' dir='ltr'>conversus</span> <span class='ocrx_word' id='word_1_63' title='bbox 733 758 819 808; x_wconf 88' lang='lat' dir='ltr'>est.</span> <span class='ocrx_word' id='word_1_64' title='bbox 898 762 1034 809; x_wconf 86' lang='lat' dir='ltr'>Sunt</span> <span class='ocrx_word' id='word_1_65' title='bbox 1054 762 1201 810; x_wconf 86' lang='lat' dir='ltr'>enim</span> <span class='ocrx_word' id='word_1_66' title='bbox 1227 760 1463 828; x_wconf 82' lang='lat' dir='ltr'>quidam,</span> <span class='ocrx_word' id='word_1_67' title='bbox 1484 780 1539 821; x_wconf 85' lang='lat'>82</span> 
     </span>
    </p>
   </div>
   <div class='ocr_carea' id='block_1_4' title="bbox 202 925 1465 1020">
    <p class='ocr_par' dir='ltr' id='par_1_4' title="bbox 202 925 1465 1020">
     <span class='ocr_line' id='line_1_10' title="bbox 202 925 1465 976; baseline 0 -13"><span class='ocrx_word' id='word_1_68' title='bbox 202 933 270 972; x_wconf 83' lang='lat'>81.</span> <span class='ocrx_word' id='word_1_69' title='bbox 300 925 476 976; x_wconf 81' lang='lat' dir='ltr'><strong><em>incusare.</em></strong></span> <span class='ocrx_word' id='word_1_70' title='bbox 507 928 570 963; x_wconf 85' lang='lat' dir='ltr'>Sic</span> <span class='ocrx_word' id='word_1_71' title='bbox 599 927 732 964; x_wconf 74' lang='lat' dir='ltr'>Turio,</span> <span class='ocrx_word' id='word_1_72' title='bbox 763 927 868 963; x_wconf 84' lang='lat' dir='ltr'>Flor.</span> <span class='ocrx_word' id='word_1_73' title='bbox 899 939 989 963; x_wconf 83' lang='lat' dir='ltr'>cum</span> <span class='ocrx_word' id='word_1_74' title='bbox 1020 926 1123 962; x_wconf 84' lang='lat' dir='ltr'>Alm.</span> <span class='ocrx_word' id='word_1_75' title='bbox 1148 925 1312 975; x_wconf 81' lang='lat' dir='ltr'>recusare</span> <span class='ocrx_word' id='word_1_76' title='bbox 1333 927 1465 964; x_wconf 90' lang='lat' dir='ltr'>Guelf.</span> 
     </span>
     <span class='ocr_line' id='line_1_11' title="bbox 1079 983 1464 1020; baseline 0.008 -3"><span class='ocrx_word' id='word_1_77' title='bbox 1079 984 1222 1019; x_wconf 80' lang='lat' dir='ltr'>indicis.</span> <span class='ocrx_word' id='word_1_78' title='bbox 1247 983 1310 1019; x_wconf 84' lang='lat' dir='ltr'>Sic</span> <span class='ocrx_word' id='word_1_79' title='bbox 1329 985 1464 1020; x_wconf 80' lang='lat' dir='ltr'>Turio.</span> 
     </span>
    </p>
   </div>
   <div class='ocr_carea' id='block_1_5' title="bbox 117 1037 1465 1202">
    <p class='ocr_par' dir='ltr' id='par_1_5' title="bbox 117 1037 1465 1202">
     <span class='ocr_line' id='line_1_12' title="bbox 118 1037 1465 1090; baseline 0.001 -16"><span class='ocrx_word' id='word_1_80' title='bbox 118 1038 222 1075; x_wconf 78' lang='lat' dir='ltr'>Flor.</span> <span class='ocrx_word' id='word_1_81' title='bbox 255 1039 415 1090; x_wconf 82' lang='lat' dir='ltr'>Reliqui</span> <span class='ocrx_word' id='word_1_82' title='bbox 428 1040 576 1084; x_wconf 78' lang='lat' dir='ltr'>judicis,</span> <span class='ocrx_word' id='word_1_83' title='bbox 608 1039 650 1074; x_wconf 86' lang='lat' dir='ltr'>in</span> <span class='ocrx_word' id='word_1_84' title='bbox 672 1053 751 1087; x_wconf 89' lang='lat' dir='ltr'>quo</span> <span class='ocrx_word' id='word_1_85' title='bbox 772 1040 854 1074; x_wconf 80' lang='lat' dir='ltr'>sane</span> <span class='ocrx_word' id='word_1_86' title='bbox 878 1037 984 1074; x_wconf 88' lang='lat' dir='ltr'>nulla</span> <span class='ocrx_word' id='word_1_87' title='bbox 1006 1039 1203 1080; x_wconf 78' lang='lat' dir='ltr'>sententia,</span> <span class='ocrx_word' id='word_1_88' title='bbox 1232 1050 1275 1075; x_wconf 89' lang='lat' dir='ltr'>ut</span> <span class='ocrx_word' id='word_1_89' title='bbox 1293 1040 1465 1075; x_wconf 80' lang='lat' dir='ltr'>animad-</span> 
     </span>
     <span class='ocr_line' id='line_1_13' title="bbox 117 1095 1463 1143; baseline 0.001 -13"><span class='ocrx_word' id='word_1_90' title='bbox 117 1097 241 1133; x_wconf 70' lang='lat' dir='ltr'>vertit</span> <span class='ocrx_word' id='word_1_91' title='bbox 264 1097 463 1133; x_wconf 79' lang='lat' dir='ltr'>Gesnerus.</span> <span class='ocrx_word' id='word_1_92' title='bbox 509 1096 722 1143; x_wconf 84' lang='lat' dir='ltr'>Gedoynus</span> <span class='ocrx_word' id='word_1_93' title='bbox 765 1095 877 1131; x_wconf 81' lang='lat' dir='ltr'>hasce</span> <span class='ocrx_word' id='word_1_94' title='bbox 919 1107 1042 1143; x_wconf 82' lang='lat' dir='ltr'>nugas</span> <span class='ocrx_word' id='word_1_95' title='bbox 1081 1095 1234 1130; x_wconf 74' lang='lat' dir='ltr'>securus</span> <span class='ocrx_word' id='word_1_96' title='bbox 1277 1095 1463 1136; x_wconf 65' lang='lat' dir='ltr'>reddidit.</span> 
     </span>
     <span class='ocr_line' id='line_1_14' title="bbox 118 1151 1465 1202; baseline 0 -15"><span class='ocrx_word' id='word_1_97' title='bbox 118 1153 243 1189; x_wconf 84' lang='lat' dir='ltr'>Modo</span> <span class='ocrx_word' id='word_1_98' title='bbox 266 1166 337 1202; x_wconf 88' lang='lat' dir='ltr'>pro</span> <span class='ocrx_word' id='word_1_99' title='bbox 358 1153 398 1188; x_wconf 84' lang='lat' dir='ltr'>id</span> <span class='ocrx_word' id='word_1_100' title='bbox 417 1153 549 1188; x_wconf 74' lang='lat' dir='ltr'>Tul-ic.</span> <span class='ocrx_word' id='word_1_101' title='bbox 571 1152 676 1188; x_wconf 85' lang='lat' dir='ltr'>Flor.</span> <span class='ocrx_word' id='word_1_102' title='bbox 697 1162 738 1187; x_wconf 77' lang='lat' dir='ltr'>ut</span> <span class='ocrx_word' id='word_1_103' title='bbox 757 1165 847 1187; x_wconf 85' lang='lat' dir='ltr'>cum</span> <span class='ocrx_word' id='word_1_104' title='bbox 860 1151 962 1186; x_wconf 78' lang='lat' dir='ltr'>Alm.</span> <span class='ocrx_word' id='word_1_105' title='bbox 988 1161 1024 1187; x_wconf 87' lang='lat' dir='ltr'>et</span> <span class='ocrx_word' id='word_1_106' title='bbox 1043 1164 1138 1186; x_wconf 84' lang='lat' dir='ltr'>mox</span> <span class='ocrx_word' id='word_1_107' title='bbox 1160 1153 1318 1200; x_wconf 70' lang='lat' dir='ltr'>contigit</span> <span class='ocrx_word' id='word_1_108' title='bbox 1330 1152 1465 1187; x_wconf 75' lang='lat' dir='ltr'>Turio.</span> 
     </span>
    </p>
   </div>
   <div class='ocr_carea' id='block_1_6' title="bbox 117 1200 598 1257">
    <p class='ocr_par' dir='ltr' id='par_1_6' title="bbox 117 1200 598 1257">
     <span class='ocr_line' id='line_1_15' title="bbox 117 1200 598 1257; baseline 0.002 -13"><span class='ocrx_word' id='word_1_109' title='bbox 117 1200 222 1245; x_wconf 71' lang='lat' dir='ltr'>Flor.</span> <span class='ocrx_word' id='word_1_110' title='bbox 243 1222 333 1246; x_wconf 88' lang='lat' dir='ltr'>cum</span> <span class='ocrx_word' id='word_1_111' title='bbox 351 1211 475 1257; x_wconf 76' lang='lat' dir='ltr'><strong>Kapp.</strong></span> <span class='ocrx_word' id='word_1_112' title='bbox 496 1207 598 1245; x_wconf 84' lang='lat' dir='ltr'>Alm.</span> 
     </span>
    </p>
   </div>
   <div class='ocr_carea' id='block_1_7' title="bbox 833 1207 1466 1244">
    <p class='ocr_par' dir='ltr' id='par_1_7' title="bbox 833 1207 1466 1244">
     <span class='ocr_line' id='line_1_16' title="bbox 833 1207 1466 1244; baseline 0.002 -1"><span class='ocrx_word' id='word_1_113' title='bbox 833 1208 1056 1244; x_wconf 79' lang='lat' dir='ltr'>emendatus.</span> <span class='ocrx_word' id='word_1_114' title='bbox 1071 1208 1205 1244; x_wconf 82' lang='lat' dir='ltr'>Turio.</span> <span class='ocrx_word' id='word_1_115' title='bbox 1218 1207 1322 1244; x_wconf 65' lang='grc' dir='ltr'><strong>Ποῖ.</strong></span> <span class='ocrx_word' id='word_1_116' title='bbox 1336 1207 1466 1244; x_wconf 84' lang='lat' dir='ltr'>Guelf.</span> 
     </span>
    </p>
   </div>
   <div class='ocr_carea' id='block_1_8' title="bbox 116 1264 1278 1315">
    <p class='ocr_par' dir='ltr' id='par_1_8' title="bbox 116 1264 1278 1315">
     <span class='ocr_line' id='line_1_17' title="bbox 116 1264 1278 1315; baseline 0.001 -16"><span class='ocrx_word' id='word_1_117' title='bbox 116 1266 314 1302; x_wconf 78' lang='lat' dir='ltr'>emendati.</span> <span class='ocrx_word' id='word_1_118' title='bbox 336 1265 469 1301; x_wconf 71' lang='lat' dir='ltr'>Turic.</span> <span class='ocrx_word' id='word_1_119' title='bbox 490 1264 618 1302; x_wconf 81' lang='lat' dir='ltr'>Guelf.</span> <span class='ocrx_word' id='word_1_120' title='bbox 645 1266 739 1302; x_wconf 86' lang='lat' dir='ltr'><strong>Exc.</strong></span> <span class='ocrx_word' id='word_1_121' title='bbox 763 1267 916 1304; x_wconf 82' lang='lat' dir='ltr'>Samen.</span> <span class='ocrx_word' id='word_1_122' title='bbox 937 1265 1026 1313; x_wconf 81' lang='lat' dir='ltr'>quin</span> <span class='ocrx_word' id='word_1_123' title='bbox 1045 1277 1119 1314; x_wconf 82' lang='lat' dir='ltr'>pro</span> <span class='ocrx_word' id='word_1_124' title='bbox 1145 1266 1208 1315; x_wconf 81' lang='lat' dir='ltr'>qui</span> <span class='ocrx_word' id='word_1_125' title='bbox 1229 1266 1278 1300; x_wconf 80' lang='lat' dir='ltr'>in.</span> 
     </span>
    </p>
   </div>
   <div class='ocr_carea' id='block_1_9' title="bbox 55 1409 760 2755">
    <p class='ocr_par' dir='ltr' id='par_1_9' title="bbox 110 1409 760 1840">
     <span class='ocr_line' id='line_1_18' title="bbox 176 1409 760 1456; baseline 0.005 -12"><span class='ocrx_word' id='word_1_126' title='bbox 176 1415 240 1454; x_wconf 87' lang='lat'>8¹·</span> <span class='ocrx_word' id='word_1_127' title='bbox 272 1409 405 1446; x_wconf 81' lang='lat' dir='ltr'>Verum</span> <span class='ocrx_word' id='word_1_128' title='bbox 427 1412 564 1456; x_wconf 78' lang='lat' dir='ltr'><em>idjam</em></span> <span class='ocrx_word' id='word_1_129' title='bbox 585 1429 642 1437; x_wconf 90' lang='lat'>——</span> <span class='ocrx_word' id='word_1_130' title='bbox 659 1420 760 1447; x_wconf 74' lang='lat' dir='ltr'>acto-</span> 
     </span>
     <span class='ocr_line' id='line_1_19' title="bbox 116 1466 758 1515; baseline 0.005 -15"><span class='ocrx_word' id='word_1_131' title='bbox 116 1468 178 1503; x_wconf 69' lang='lat' dir='ltr'>ris.</span> <span class='ocrx_word' id='word_1_132' title='bbox 236 1468 296 1505; x_wconf 84' lang='lat' dir='ltr'>Is,</span> <span class='ocrx_word' id='word_1_133' title='bbox 338 1468 420 1515; x_wconf 88' lang='lat' dir='ltr'>qui,</span> <span class='ocrx_word' id='word_1_134' title='bbox 455 1466 559 1503; x_wconf 74' lang='lat' dir='ltr'>nulia</span> <span class='ocrx_word' id='word_1_135' title='bbox 597 1468 758 1503; x_wconf 85' lang='lat' dir='ltr'>demon-</span> 
     </span>
     <span class='ocr_line' id='line_1_20' title="bbox 114 1520 757 1571; baseline 0 -14"><span class='ocrx_word' id='word_1_136' title='bbox 114 1520 221 1557; x_wconf 79' lang='lat' dir='ltr'>strata</span> <span class='ocrx_word' id='word_1_137' title='bbox 243 1521 334 1557; x_wconf 82' lang='lat' dir='ltr'>facti</span> <span class='ocrx_word' id='word_1_138' title='bbox 354 1523 566 1559; x_wconf 80' lang='lat' dir='ltr'>differentia</span> <span class='ocrx_word' id='word_1_139' title='bbox 579 1550 589 1564; x_wconf 90' lang='lat'><em>‚</em></span> <span class='ocrx_word' id='word_1_140' title='bbox 620 1536 757 1571; x_wconf 77' lang='lat' dir='ltr'>eorum</span> 
     </span>
     <span class='ocr_line' id='line_1_21' title="bbox 110 1577 757 1629; baseline 0.002 -16"><span class='ocrx_word' id='word_1_141' title='bbox 110 1577 258 1613; x_wconf 81' lang='lat' dir='ltr'>incusat</span> <span class='ocrx_word' id='word_1_142' title='bbox 277 1578 385 1619; x_wconf 78' lang='lat' dir='ltr'>alios,</span> <span class='ocrx_word' id='word_1_143' title='bbox 416 1593 511 1629; x_wconf 75' lang='lat' dir='ltr'>quae</span> <span class='ocrx_word' id='word_1_144' title='bbox 536 1580 571 1615; x_wconf 82' lang='lat' dir='ltr'>se</span> <span class='ocrx_word' id='word_1_145' title='bbox 592 1580 757 1616; x_wconf 82' lang='lat' dir='ltr'>commi-</span> 
     </span>
     <span class='ocr_line' id='line_1_22' title="bbox 112 1634 756 1684; baseline 0.002 -14"><span class='ocrx_word' id='word_1_146' title='bbox 112 1634 192 1671; x_wconf 80' lang='lat' dir='ltr'>fiss&#39;e</span> <span class='ocrx_word' id='word_1_147' title='bbox 219 1635 370 1676; x_wconf 78' lang='lat' dir='ltr'>fatetur,</span> <span class='ocrx_word' id='word_1_148' title='bbox 403 1637 567 1672; x_wconf 78' lang='lat' dir='ltr'>oratoris</span> <span class='ocrx_word' id='word_1_149' title='bbox 589 1637 756 1684; x_wconf 83' lang='lat' dir='ltr'>dignita-</span> 
     </span>
     <span class='ocr_line' id='line_1_23' title="bbox 112 1691 754 1728; baseline 0.005 -3"><span class='ocrx_word' id='word_1_150' title='bbox 112 1701 190 1726; x_wconf 82' lang='lat' dir='ltr'>tem</span> <span class='ocrx_word' id='word_1_151' title='bbox 211 1691 324 1728; x_wconf 84' lang='lat' dir='ltr'>exuit</span> <span class='ocrx_word' id='word_1_152' title='bbox 353 1702 390 1728; x_wconf 83' lang='lat' dir='ltr'>et</span> <span class='ocrx_word' id='word_1_153' title='bbox 411 1693 459 1727; x_wconf 76' lang='lat' dir='ltr'>ad</span> <span class='ocrx_word' id='word_1_154' title='bbox 481 1693 672 1728; x_wconf 77' lang='lat' dir='ltr'>vilitatem</span> <span class='ocrx_word' id='word_1_155' title='bbox 694 1693 754 1728; x_wconf 90' lang='lat' dir='ltr'>in—</span> 
     </span>
     <span class='ocr_line' id='line_1_24' title="bbox 113 1747 754 1786; baseline 0.003 -4"><span class='ocrx_word' id='word_1_156' title='bbox 113 1747 219 1783; x_wconf 82' lang='lat' dir='ltr'>dicio</span> <span class='ocrx_word' id='word_1_157' title='bbox 257 1748 535 1785; x_wconf 76' lang='lat' dir='ltr'>redimentium</span> <span class='ocrx_word' id='word_1_158' title='bbox 565 1750 688 1786; x_wconf 73' lang='lat' dir='ltr'>vitam</span> <span class='ocrx_word' id='word_1_159' title='bbox 719 1750 754 1784; x_wconf 86' lang='lat' dir='ltr'>se</span> 
     </span>
     <span class='ocr_line' id='line_1_25' title="bbox 113 1803 296 1840; baseline 0.005 -2"><span class='ocrx_word' id='word_1_160' title='bbox 113 1803 296 1840; x_wconf 81' lang='lat' dir='ltr'>demittit.</span> 
     </span>
    </p>

    <p class='ocr_par' dir='ltr' id='par_1_10' title="bbox 107 1859 756 2414">
     <span class='ocr_line' id='line_1_26' title="bbox 159 1859 756 1911; baseline 0.007 -16"><span class='ocrx_word' id='word_1_161' title='bbox 159 1859 246 1908; x_wconf 82' lang='lat' dir='ltr'>sola</span> <span class='ocrx_word' id='word_1_162' title='bbox 266 1861 426 1897; x_wconf 79' lang='lat' dir='ltr'>colorem</span> <span class='ocrx_word' id='word_1_163' title='bbox 447 1861 556 1898; x_wconf 65' lang='lat' dir='ltr'>babet</span> <span class='ocrx_word' id='word_1_164' title='bbox 566 1864 756 1911; x_wconf 80' lang='lat' dir='ltr'>poeniten-</span> 
     </span>
     <span class='ocr_line' id='line_1_27' title="bbox 109 1917 753 1965; baseline 0.008 -16"><span class='ocrx_word' id='word_1_165' title='bbox 109 1917 177 1952; x_wconf 80' lang='lat' dir='ltr'>tia.</span> <span class='ocrx_word' id='word_1_166' title='bbox 209 1917 255 1953; x_wconf 82' lang='lat' dir='ltr'>cf.</span> <span class='ocrx_word' id='word_1_167' title='bbox 294 1930 356 1959; x_wconf 79' lang='grc' dir='ltr'>ιο,</span> <span class='ocrx_word' id='word_1_168' title='bbox 393 1930 426 1958; x_wconf 85' lang='lat'>1,</span> <span class='ocrx_word' id='word_1_169' title='bbox 459 1918 549 1955; x_wconf 79' lang='lat'><strong>116.</strong></span> <span class='ocrx_word' id='word_1_170' title='bbox 588 1920 682 1954; x_wconf 84' lang='lat' dir='ltr'>item</span> <span class='ocrx_word' id='word_1_171' title='bbox 715 1923 753 1965; x_wconf 76' lang='grc'>4,</span> 
     </span>
     <span class='ocr_line' id='line_1_28' title="bbox 110 1975 752 2024; baseline 0.006 -18"><span class='ocrx_word' id='word_1_172' title='bbox 110 1979 148 2010; x_wconf 74' lang='lat'>2,</span> <span class='ocrx_word' id='word_1_173' title='bbox 170 1978 235 2018; x_wconf 76' lang='grc'>88.</span> <span class='ocrx_word' id='word_1_174' title='bbox 264 1986 354 2009; x_wconf 84' lang='lat'>100.</span> <span class='ocrx_word' id='word_1_175' title='bbox 398 1975 477 2022; x_wconf 80' lang='lat' dir='ltr'>Qui</span> <span class='ocrx_word' id='word_1_176' title='bbox 495 1975 528 2010; x_wconf 83' lang='lat' dir='ltr'>se</span> <span class='ocrx_word' id='word_1_177' title='bbox 552 1975 752 2024; x_wconf 78' lang='lat' dir='ltr'>poenitere</span> 
     </span>
     <span class='ocr_line' id='line_1_29' title="bbox 109 2028 755 2079; baseline 0.006 -17"><span class='ocrx_word' id='word_1_178' title='bbox 109 2028 262 2066; x_wconf 73' lang='lat' dir='ltr'>testatur</span> <span class='ocrx_word' id='word_1_179' title='bbox 278 2030 527 2066; x_wconf 78' lang='lat' dir='ltr'>admiffort1m</span> <span class='ocrx_word' id='word_1_180' title='bbox 539 2059 550 2074; x_wconf 93' lang='lat'>,</span> <span class='ocrx_word' id='word_1_181' title='bbox 585 2045 755 2079; x_wconf 84' lang='lat' dir='ltr'>eumque</span> 
     </span>
     <span class='ocr_line' id='line_1_30' title="bbox 109 2084 754 2130; baseline 0.006 -12"><span class='ocrx_word' id='word_1_182' title='bbox 109 2084 301 2130; x_wconf 46' lang='lat' dir='ltr'>affectum*</span> <span class='ocrx_word' id='word_1_183' title='bbox 317 2097 398 2122; x_wconf 82' lang='lat' dir='ltr'>tota</span> <span class='ocrx_word' id='word_1_184' title='bbox 430 2087 595 2123; x_wconf 79' lang='lat' dir='ltr'>actionis</span> <span class='ocrx_word' id='word_1_185' title='bbox 628 2088 754 2122; x_wconf 83' lang='lat' dir='ltr'>forma</span> 
     </span>
     <span class='ocr_line' id='line_1_31' title="bbox 107 2140 754 2190; baseline 0.006 -15"><span class='ocrx_word' id='word_1_186' title='bbox 107 2140 339 2188; x_wconf 76' lang='lat' dir='ltr'>profitetur,</span> <span class='ocrx_word' id='word_1_187' title='bbox 381 2142 414 2178; x_wconf 85' lang='lat' dir='ltr'>is</span> <span class='ocrx_word' id='word_1_188' title='bbox 435 2141 606 2190; x_wconf 80' lang='lat' dir='ltr'>aliquam</span> <span class='ocrx_word' id='word_1_189' title='bbox 625 2154 754 2179; x_wconf 85' lang='lat' dir='ltr'>tamen</span> 
     </span>
     <span class='ocr_line' id='line_1_32' title="bbox 109 2196 751 2245; baseline 0.005 -14"><span class='ocrx_word' id='word_1_190' title='bbox 109 2196 275 2245; x_wconf 76' lang='lat' dir='ltr'>speciem</span> <span class='ocrx_word' id='word_1_191' title='bbox 313 2197 446 2234; x_wconf 83' lang='lat' dir='ltr'>induit</span> <span class='ocrx_word' id='word_1_192' title='bbox 480 2199 633 2235; x_wconf 77' lang='lat' dir='ltr'>difficili</span> <span class='ocrx_word' id='word_1_193' title='bbox 667 2198 751 2240; x_wconf 77' lang='lat' dir='ltr'>illi,</span> 
     </span>
     <span class='ocr_line' id='line_1_33' title="bbox 109 2254 751 2301; baseline 0.003 -13"><span class='ocrx_word' id='word_1_194' title='bbox 109 2265 225 2301; x_wconf 80' lang='lat' dir='ltr'>quam</span> <span class='ocrx_word' id='word_1_195' title='bbox 248 2254 428 2289; x_wconf 80' lang='lat' dir='ltr'>tuendam</span> <span class='ocrx_word' id='word_1_196' title='bbox 449 2255 590 2296; x_wconf 84' lang='lat' dir='ltr'>sumsit,</span> <span class='ocrx_word' id='word_1_197' title='bbox 609 2256 751 2295; x_wconf 71' lang='lat' dir='ltr'>causae,</span> 
     </span>
     <span class='ocr_line' id='line_1_34' title="bbox 108 2308 752 2359; baseline 0.002 -15"><span class='ocrx_word' id='word_1_198' title='bbox 108 2308 222 2357; x_wconf 78' lang='lat' dir='ltr'>seque</span> <span class='ocrx_word' id='word_1_199' title='bbox 236 2310 298 2345; x_wconf 82' lang='lat' dir='ltr'>sua</span> <span class='ocrx_word' id='word_1_200' title='bbox 311 2310 487 2359; x_wconf 82' lang='lat' dir='ltr'>exempla</span> <span class='ocrx_word' id='word_1_201' title='bbox 506 2312 752 2346; x_wconf 85' lang='lat' dir='ltr'>insectantem</span> 
     </span>
     <span class='ocr_line' id='line_1_35' title="bbox 107 2364 752 2414; baseline 0.002 -14"><span class='ocrx_word' id='word_1_202' title='bbox 107 2364 350 2414; x_wconf 82' lang='lat' dir='ltr'>aliquatenus</span> <span class='ocrx_word' id='word_1_203' title='bbox 361 2367 485 2413; x_wconf 81' lang='lat' dir='ltr'>judici</span> <span class='ocrx_word' id='word_1_204' title='bbox 495 2368 752 2403; x_wconf 75' lang='lat' dir='ltr'>commendat.</span> 
     </span>
    </p>

    <p class='ocr_par' dir='ltr' id='par_1_11' title="bbox 55 2424 752 2755">
     <span class='ocr_line' id='line_1_36' title="bbox 165 2424 752 2473; baseline 0.005 -17"><span class='ocrx_word' id='word_1_205' title='bbox 165 2428 232 2467; x_wconf 80' lang='lat'>82.</span> <span class='ocrx_word' id='word_1_206' title='bbox 244 2425 337 2459; x_wconf 76' lang='lat' dir='ltr'>Sunt</span> <span class='ocrx_word' id='word_1_207' title='bbox 346 2425 442 2458; x_wconf 81' lang='lat' dir='ltr'>enim</span> <span class='ocrx_word' id='word_1_208' title='bbox 451 2424 612 2473; x_wconf 80' lang='lat' dir='ltr'>quidam,</span> <span class='ocrx_word' id='word_1_209' title='bbox 625 2426 688 2473; x_wconf 81' lang='lat' dir='ltr'>qui</span> <span class='ocrx_word' id='word_1_210' title='bbox 698 2443 752 2450; x_wconf 94' lang='lat'>—</span> 
     </span>
     <span class='ocr_line' id='line_1_37' title="bbox 74 2477 750 2530; baseline -0.001 -15"><span class='ocrx_word' id='word_1_211' title='bbox 74 2525 75 2530; x_wconf 17' lang='grc'>1</span> <span class='ocrx_word' id='word_1_212' title='bbox 101 2477 263 2528; x_wconf 76' lang='lat' dir='ltr'>faciant.</span> <span class='ocrx_word' id='word_1_213' title='bbox 296 2479 377 2526; x_wconf 85' lang='lat' dir='ltr'>Qui</span> <span class='ocrx_word' id='word_1_214' title='bbox 397 2479 468 2515; x_wconf 84' lang='lat' dir='ltr'>hac</span> <span class='ocrx_word' id='word_1_215' title='bbox 490 2481 677 2529; x_wconf 75' lang='lat' dir='ltr'>scriptura</span> <span class='ocrx_word' id='word_1_216' title='bbox 693 2493 750 2514; x_wconf 85' lang='lat' dir='ltr'>ac-</span> 
     </span>
     <span class='ocr_line' id='line_1_38' title="bbox 107 2534 752 2586; baseline 0.003 -16"><span class='ocrx_word' id='word_1_217' title='bbox 107 2534 342 2583; x_wconf 77' lang='lat' dir='ltr'>quieverunt</span> <span class='ocrx_word' id='word_1_218' title='bbox 389 2537 490 2583; x_wconf 81' lang='lat' dir='ltr'>(nec</span> <span class='ocrx_word' id='word_1_219' title='bbox 530 2550 752 2586; x_wconf 76' lang='lat' dir='ltr'>quenquam</span> 
     </span>
     <span class='ocr_line' id='line_1_39' title="bbox 55 2591 750 2641; baseline 0.003 -14"><span class='ocrx_word' id='word_1_220' title='bbox 55 2597 65 2603; x_wconf 88' lang='grc'>”</span> <span class='ocrx_word' id='word_1_221' title='bbox 106 2591 225 2627; x_wconf 83' lang='lat' dir='ltr'>video</span> <span class='ocrx_word' id='word_1_222' title='bbox 252 2591 324 2640; x_wconf 84' lang='lat' dir='ltr'>qui</span> <span class='ocrx_word' id='word_1_223' title='bbox 355 2591 558 2635; x_wconf 76' lang='lat' dir='ltr'>haeserit),</span> <span class='ocrx_word' id='word_1_224' title='bbox 598 2593 638 2628; x_wconf 82' lang='lat' dir='ltr'>id</span> <span class='ocrx_word' id='word_1_225' title='bbox 670 2594 750 2641; x_wconf 83' lang='lat' dir='ltr'>spe-</span> 
     </span>
     <span class='ocr_line' id='line_1_40' title="bbox 107 2648 750 2696; baseline 0.005 -15"><span class='ocrx_word' id='word_1_226' title='bbox 107 2657 270 2689; x_wconf 72' lang='lat' dir='ltr'>ctarunt,</span> <span class='ocrx_word' id='word_1_227' title='bbox 294 2648 398 2696; x_wconf 87' lang='lat' dir='ltr'>quod</span> <span class='ocrx_word' id='word_1_228' title='bbox 423 2650 750 2686; x_wconf 13' lang='lat' dir='ltr'>cominuotindu·</span> 
     </span>
     <span class='ocr_line' id='line_1_41' title="bbox 108 2701 749 2755; baseline 0.006 -18"><span class='ocrx_word' id='word_1_229' title='bbox 108 2701 210 2739; x_wconf 75' lang='lat' dir='ltr'>citur</span> <span class='ocrx_word' id='word_1_230' title='bbox 228 2714 334 2754; x_wconf 75' lang='lat' dir='ltr'>pater</span> <span class='ocrx_word' id='word_1_231' title='bbox 366 2703 533 2755; x_wconf 83' lang='lat' dir='ltr'>aliquis,</span> <span class='ocrx_word' id='word_1_232' title='bbox 571 2706 642 2755; x_wconf 81' lang='lat' dir='ltr'>qui</span> <span class='ocrx_word' id='word_1_233' title='bbox 669 2706 749 2755; x_wconf 79' lang='lat' dir='ltr'>ipse</span> 
     </span>
    </p>
   </div>
   <div class='ocr_carea' id='block_1_10' title="bbox 802 1410 1464 2756">
    <p class='ocr_par' dir='ltr' id='par_1_12' title="bbox 802 1410 1464 2756">
     <span class='ocr_line' id='line_1_42' title="bbox 815 1410 1464 1460; baseline 0.003 -14"><span class='ocrx_word' id='word_1_234' title='bbox 815 1410 916 1446; x_wconf 83' lang='lat' dir='ltr'>hanc</span> <span class='ocrx_word' id='word_1_235' title='bbox 939 1410 996 1445; x_wconf 84' lang='lat' dir='ltr'>sui</span> <span class='ocrx_word' id='word_1_236' title='bbox 1017 1410 1187 1460; x_wconf 76' lang='lat' dir='ltr'>exempli</span> <span class='ocrx_word' id='word_1_237' title='bbox 1205 1410 1464 1459; x_wconf 85' lang='lat' dir='ltr'>improbatio-</span> 
     </span>
     <span class='ocr_line' id='line_1_43' title="bbox 816 1466 1462 1504; baseline 0.002 -1"><span class='ocrx_word' id='word_1_238' title='bbox 816 1481 906 1503; x_wconf 89' lang='lat' dir='ltr'>nem</span> <span class='ocrx_word' id='word_1_239' title='bbox 950 1467 1083 1502; x_wconf 88' lang='lat' dir='ltr'>minus</span> <span class='ocrx_word' id='word_1_240' title='bbox 1132 1466 1294 1502; x_wconf 83' lang='lat' dir='ltr'>invisam</span> <span class='ocrx_word' id='word_1_241' title='bbox 1335 1467 1462 1504; x_wconf 79' lang='lat' dir='ltr'>faciat.</span> 
     </span>
     <span class='ocr_line' id='line_1_44' title="bbox 816 1523 1460 1573; baseline 0 -14"><span class='ocrx_word' id='word_1_242' title='bbox 816 1524 890 1559; x_wconf 86' lang='lat' dir='ltr'>Sed</span> <span class='ocrx_word' id='word_1_243' title='bbox 921 1523 1114 1558; x_wconf 82' lang='lat' dir='ltr'>admoniti</span> <span class='ocrx_word' id='word_1_244' title='bbox 1143 1523 1315 1563; x_wconf 82' lang='lat' dir='ltr'>sentient,</span> <span class='ocrx_word' id='word_1_245' title='bbox 1347 1534 1460 1573; x_wconf 62' lang='lat' dir='ltr'>puto,</span> 
     </span>
     <span class='ocr_line' id='line_1_45' title="bbox 813 1566 1462 1615; baseline 0.002 -1"><span class='ocrx_word' id='word_1_246' title='bbox 813 1579 891 1615; x_wconf 88' lang='lat' dir='ltr'>hoc</span> <span class='ocrx_word' id='word_1_247' title='bbox 913 1592 993 1614; x_wconf 87' lang='lat' dir='ltr'>non</span> <span class='ocrx_word' id='word_1_248' title='bbox 1015 1566 1105 1614; x_wconf 67' lang='lat' dir='ltr'>fieri</span> <span class='ocrx_word' id='word_1_249' title='bbox 1126 1579 1172 1615; x_wconf 78' lang='lat' dir='ltr'>ab</span> <span class='ocrx_word' id='word_1_250' title='bbox 1196 1579 1371 1615; x_wconf 85' lang='lat' dir='ltr'>hominis</span> <span class='ocrx_word' id='word_1_251' title='bbox 1391 1592 1462 1615; x_wconf 82' lang='lat' dir='ltr'>vo-</span> 
     </span>
     <span class='ocr_line' id='line_1_46' title="bbox 814 1635 1461 1682; baseline -0.002 -11"><span class='ocrx_word' id='word_1_252' title='bbox 814 1635 972 1676; x_wconf 87' lang='lat' dir='ltr'>luntate,</span> <span class='ocrx_word' id='word_1_253' title='bbox 1002 1636 1064 1671; x_wconf 80' lang='lat' dir='ltr'>sed</span> <span class='ocrx_word' id='word_1_254' title='bbox 1087 1637 1132 1673; x_wconf 81' lang='lat' dir='ltr'>ab</span> <span class='ocrx_word' id='word_1_255' title='bbox 1158 1637 1240 1682; x_wconf 78' lang='lat' dir='ltr'>ejus</span> <span class='ocrx_word' id='word_1_256' title='bbox 1264 1636 1461 1671; x_wconf 86' lang='lat' dir='ltr'>conditio-</span> 
     </span>
     <span class='ocr_line' id='line_1_47' title="bbox 812 1691 1464 1742; baseline 0.002 -14"><span class='ocrx_word' id='word_1_257' title='bbox 812 1706 884 1734; x_wconf 87' lang='lat' dir='ltr'>ne;</span> <span class='ocrx_word' id='word_1_258' title='bbox 916 1705 1032 1741; x_wconf 82' lang='lat' dir='ltr'>quare</span> <span class='ocrx_word' id='word_1_259' title='bbox 1065 1706 1139 1742; x_wconf 84' lang='lat' dir='ltr'>pro</span> <span class='ocrx_word' id='word_1_260' title='bbox 1160 1691 1372 1727; x_wconf 75' lang='lat' dir='ltr'>masculino</span> <span class='ocrx_word' id='word_1_261' title='bbox 1395 1692 1464 1729; x_wconf 86' lang='lat' dir='ltr'>hic</span> 
     </span>
     <span class='ocr_line' id='line_1_48' title="bbox 811 1748 1462 1798; baseline 0 -14"><span class='ocrx_word' id='word_1_262' title='bbox 811 1748 930 1798; x_wconf 86' lang='lat' dir='ltr'>longe</span> <span class='ocrx_word' id='word_1_263' title='bbox 951 1749 1076 1798; x_wconf 80' lang='lat' dir='ltr'>aptius</span> <span class='ocrx_word' id='word_1_264' title='bbox 1098 1748 1168 1784; x_wconf 81' lang='lat' dir='ltr'>effe</span> <span class='ocrx_word' id='word_1_265' title='bbox 1191 1759 1374 1784; x_wconf 80' lang='lat' dir='ltr'>neutrum</span> <span class='ocrx_word' id='word_1_266' title='bbox 1396 1761 1462 1798; x_wconf 83' lang='lat' dir='ltr'>ge-</span> 
     </span>
     <span class='ocr_line' id='line_1_49' title="bbox 811 1805 1460 1854; baseline -0.002 -14"><span class='ocrx_word' id='word_1_267' title='bbox 811 1818 909 1845; x_wconf 85' lang='lat' dir='ltr'>nus,</span> <span class='ocrx_word' id='word_1_268' title='bbox 959 1817 1003 1841; x_wconf 90' lang='lat' dir='ltr'>ut</span> <span class='ocrx_word' id='word_1_269' title='bbox 1031 1806 1215 1841; x_wconf 71' lang='lat' dir='ltr'>scribatur</span> <span class='ocrx_word' id='word_1_270' title='bbox 1252 1805 1460 1854; x_wconf 81' lang='lat' dir='ltr'>quaedam,</span> 
     </span>
     <span class='ocr_line' id='line_1_50' title="bbox 812 1860 1458 1910; baseline 0 -13"><span class='ocrx_word' id='word_1_271' title='bbox 812 1875 928 1910; x_wconf 82' lang='lat' dir='ltr'>quae,</span> <span class='ocrx_word' id='word_1_272' title='bbox 988 1860 1173 1896; x_wconf 79' lang='lat' dir='ltr'>leniffima</span> <span class='ocrx_word' id='word_1_273' title='bbox 1230 1861 1458 1897; x_wconf 86' lang='lat' dir='ltr'>mutatione.</span> 
     </span>
     <span class='ocr_line' id='line_1_51' title="bbox 813 1917 1459 1965; baseline 0 -12"><span class='ocrx_word' id='word_1_274' title='bbox 813 1917 1119 1953; x_wconf 75' lang='lat' dir='ltr'>Commendatm·</span> <span class='ocrx_word' id='word_1_275' title='bbox 1166 1917 1263 1952; x_wconf 87' lang='lat' dir='ltr'>haec</span> <span class='ocrx_word' id='word_1_276' title='bbox 1306 1918 1459 1965; x_wconf 74' lang='lat' dir='ltr'>generis</span> 
     </span>
     <span class='ocr_line' id='line_1_52' title="bbox 810 1973 1461 2021; baseline -0.002 -13"><span class='ocrx_word' id='word_1_277' title='bbox 810 1974 977 2010; x_wconf 86' lang='lat' dir='ltr'>mutatio</span> <span class='ocrx_word' id='word_1_278' title='bbox 1018 1975 1132 2009; x_wconf 84' lang='lat' dir='ltr'>etiam</span> <span class='ocrx_word' id='word_1_279' title='bbox 1170 1986 1215 2009; x_wconf 89' lang='lat' dir='ltr'>eo</span> <span class='ocrx_word' id='word_1_280' title='bbox 1262 1973 1369 2021; x_wconf 86' lang='lat' dir='ltr'>quod</span> <span class='ocrx_word' id='word_1_281' title='bbox 1410 1973 1461 2008; x_wconf 83' lang='lat' dir='ltr'>est</span> 
     </span>
     <span class='ocr_line' id='line_1_53' title="bbox 811 2029 1459 2078; baseline -0.002 -13"><span class='ocrx_word' id='word_1_282' title='bbox 811 2033 926 2078; x_wconf 72' lang='lat'><strong>§.85.</strong></span> <span class='ocrx_word' id='word_1_283' title='bbox 957 2032 1076 2072; x_wconf 84' lang='lat' dir='ltr'><em>„Alia</em></span> <span class='ocrx_word' id='word_1_284' title='bbox 1095 2034 1337 2078; x_wconf 74' lang='lat' dir='ltr'>praetereo.“</span> <span class='ocrx_word' id='word_1_285' title='bbox 1377 2029 1459 2066; x_wconf 86' lang='lat' dir='ltr'>Ne-</span> 
     </span>
     <span class='ocr_line' id='line_1_54' title="bbox 811 2087 1458 2134; baseline -0.002 -13"><span class='ocrx_word' id='word_1_286' title='bbox 811 2099 888 2134; x_wconf 86' lang='lat' dir='ltr'>que</span> <span class='ocrx_word' id='word_1_287' title='bbox 913 2089 1011 2122; x_wconf 79' lang='lat' dir='ltr'>enim</span> <span class='ocrx_word' id='word_1_288' title='bbox 1043 2087 1227 2122; x_wconf 76' lang='lat' dir='ltr'>convenit</span> <span class='ocrx_word' id='word_1_289' title='bbox 1253 2098 1458 2134; x_wconf 76' lang='lat' dir='ltr'>argumen-</span> 
     </span>
     <span class='ocr_line' id='line_1_55' title="bbox 811 2142 1457 2191; baseline -0.002 -13"><span class='ocrx_word' id='word_1_290' title='bbox 811 2143 973 2181; x_wconf 88' lang='lat' dir='ltr'>tationi,</span> <span class='ocrx_word' id='word_1_291' title='bbox 1013 2142 1097 2183; x_wconf 81' lang='lat' dir='ltr'>sed,</span> <span class='ocrx_word' id='word_1_292' title='bbox 1141 2154 1312 2191; x_wconf 83' lang='lat' dir='ltr'>quocum</span> <span class='ocrx_word' id='word_1_293' title='bbox 1343 2142 1457 2177; x_wconf 86' lang='lat' dir='ltr'>toties</span> 
     </span>
     <span class='ocr_line' id='line_1_56' title="bbox 809 2197 1456 2247; baseline 0 -15"><span class='ocrx_word' id='word_1_294' title='bbox 809 2197 911 2234; x_wconf 79' lang='lat' dir='ltr'>illud</span> <span class='ocrx_word' id='word_1_295' title='bbox 925 2210 1180 2247; x_wconf 75' lang='lat' dir='ltr'>permutatur,</span> <span class='ocrx_word' id='word_1_296' title='bbox 1204 2200 1318 2234; x_wconf 83' lang='lat' dir='ltr'>etiam</span> <span class='ocrx_word' id='word_1_297' title='bbox 1330 2202 1348 2243; x_wconf 83' lang='lat'><strong><em>(</em></strong></span> <span class='ocrx_word' id='word_1_298' title='bbox 1358 2198 1405 2233; x_wconf 84' lang='lat' dir='ltr'>cf.</span> <span class='ocrx_word' id='word_1_299' title='bbox 1418 2207 1456 2238; x_wconf 83' lang='lat'>2,</span> 
     </span>
     <span class='ocr_line' id='line_1_57' title="bbox 815 2254 1455 2300; baseline 0.003 -13"><span class='ocrx_word' id='word_1_300' title='bbox 815 2262 876 2297; x_wconf 79' lang='lat'>15,</span> <span class='ocrx_word' id='word_1_301' title='bbox 918 2257 1022 2300; x_wconf 83' lang='grc' dir='ltr'><strong>ιι.).</strong></span> <span class='ocrx_word' id='word_1_302' title='bbox 1101 2257 1158 2291; x_wconf 82' lang='lat' dir='ltr'>Ita</span> <span class='ocrx_word' id='word_1_303' title='bbox 1189 2265 1292 2295; x_wconf 79' lang='lat' dir='ltr'>recte</span> <span class='ocrx_word' id='word_1_304' title='bbox 1321 2254 1455 2290; x_wconf 88' lang='lat' dir='ltr'>locum</span> 
     </span>
     <span class='ocr_line' id='line_1_58' title="bbox 810 2310 1456 2360; baseline 0.005 -17"><span class='ocrx_word' id='word_1_305' title='bbox 810 2310 990 2346; x_wconf 84' lang='lat' dir='ltr'>constitui</span> <span class='ocrx_word' id='word_1_306' title='bbox 1011 2311 1220 2360; x_wconf 81' lang='lat' dir='ltr'>apparebit,</span> <span class='ocrx_word' id='word_1_307' title='bbox 1234 2311 1262 2346; x_wconf 81' lang='lat' dir='ltr'>si</span> <span class='ocrx_word' id='word_1_308' title='bbox 1282 2310 1456 2346; x_wconf 85' lang='lat' dir='ltr'>contule·</span> 
     </span>
     <span class='ocr_line' id='line_1_59' title="bbox 810 2365 1457 2415; baseline 0.003 -15"><span class='ocrx_word' id='word_1_309' title='bbox 810 2367 865 2401; x_wconf 82' lang='lat' dir='ltr'>ris</span> <span class='ocrx_word' id='word_1_310' title='bbox 888 2377 924 2412; x_wconf 75' lang='lat'>4,</span> <span class='ocrx_word' id='word_1_311' title='bbox 940 2377 978 2408; x_wconf 88' lang='lat'>2,</span> <span class='ocrx_word' id='word_1_312' title='bbox 992 2375 1054 2415; x_wconf 85' lang='lat'>59.</span> <span class='ocrx_word' id='word_1_313' title='bbox 1076 2369 1177 2403; x_wconf 77' lang='lat' dir='ltr'>Ha&#39;ec</span> <span class='ocrx_word' id='word_1_314' title='bbox 1189 2365 1282 2415; x_wconf 74' lang='lat' dir='ltr'>sunt</span> <span class='ocrx_word' id='word_1_315' title='bbox 1297 2380 1457 2415; x_wconf 69' lang='lat' dir='ltr'>quae—-</span> 
     </span>
     <span class='ocr_line' id='line_1_60' title="bbox 802 2422 1456 2472; baseline 0 -15"><span class='ocrx_word' id='word_1_316' title='bbox 802 2422 967 2470; x_wconf 64' lang='lat' dir='ltr'>saesanc.</span> <span class='ocrx_word' id='word_1_317' title='bbox 993 2431 1028 2468; x_wconf 78' lang='grc'>4,</span> <span class='ocrx_word' id='word_1_318' title='bbox 1052 2432 1090 2467; x_wconf 82' lang='grc'>5,</span> <span class='ocrx_word' id='word_1_319' title='bbox 1114 2424 1174 2459; x_wconf 83' lang='lat'>16.</span> <span class='ocrx_word' id='word_1_320' title='bbox 1189 2425 1350 2472; x_wconf 85' lang='lat' dir='ltr'>plurima</span> <span class='ocrx_word' id='word_1_321' title='bbox 1364 2422 1456 2472; x_wconf 75' lang='lat' dir='ltr'>sunt</span> 
     </span>
     <span class='ocr_line' id='line_1_61' title="bbox 809 2479 1451 2528; baseline -0.002 -14"><span class='ocrx_word' id='word_1_322' title='bbox 809 2492 903 2527; x_wconf 84' lang='lat' dir='ltr'>quae</span> <span class='ocrx_word' id='word_1_323' title='bbox 932 2500 986 2513; x_wconf 65' lang='grc' dir='ltr'>-ψ</span> <span class='ocrx_word' id='word_1_324' title='bbox 1020 2479 1234 2528; x_wconf 83' lang='lat' dir='ltr'>inseruntur.</span> <span class='ocrx_word' id='word_1_325' title='bbox 1257 2489 1301 2524; x_wconf 88' lang='lat'>5,</span> <span class='ocrx_word' id='word_1_326' title='bbox 1329 2489 1390 2524; x_wconf 78' lang='lat'>15,</span> <span class='ocrx_word' id='word_1_327' title='bbox 1414 2491 1451 2528; x_wconf 83' lang='lat'>9.</span> 
     </span>
     <span class='ocr_line' id='line_1_62' title="bbox 810 2534 1454 2586; baseline 0.003 -16"><span class='ocrx_word' id='word_1_328' title='bbox 810 2538 992 2584; x_wconf 80' lang='lat' dir='ltr'>quaedam</span> <span class='ocrx_word' id='word_1_329' title='bbox 1006 2534 1096 2585; x_wconf 74' lang='lat' dir='ltr'>sunt</span> <span class='ocrx_word' id='word_1_330' title='bbox 1114 2550 1204 2585; x_wconf 75' lang='lat' dir='ltr'>quae</span> <span class='ocrx_word' id='word_1_331' title='bbox 1225 2535 1454 2586; x_wconf 75' lang='lat' dir='ltr'>-poffunt.</span> 
     </span>
     <span class='ocr_line' id='line_1_63' title="bbox 809 2592 1454 2642; baseline 0.002 -15"><span class='ocrx_word' id='word_1_332' title='bbox 809 2593 1006 2628; x_wconf 80' lang='lat' dir='ltr'>Sententia</span> <span class='ocrx_word' id='word_1_333' title='bbox 1082 2592 1132 2628; x_wconf 85' lang='lat' dir='ltr'>fic</span> <span class='ocrx_word' id='word_1_334' title='bbox 1214 2593 1428 2642; x_wconf 82' lang='lat' dir='ltr'>explicatur</span> <span class='ocrx_word' id='word_1_335' title='bbox 1441 2607 1454 2638; x_wconf 34' lang='lat'>:-</span> 
     </span>
     <span class='ocr_line' id='line_1_64' title="bbox 807 2647 1454 2696; baseline 0.002 -13"><span class='ocrx_word' id='word_1_336' title='bbox 807 2648 1035 2694; x_wconf 83' lang='lat' dir='ltr'>„Quaedam</span> <span class='ocrx_word' id='word_1_337' title='bbox 1076 2649 1256 2685; x_wconf 86' lang='lat' dir='ltr'>accidunt</span> <span class='ocrx_word' id='word_1_338' title='bbox 1297 2647 1454 2696; x_wconf 74' lang='grc' dir='ltr'>(συμβέ-</span> 
     </span>
     <span class='ocr_line' id='line_1_65' title="bbox 806 2704 1454 2756; baseline 0.002 -16"><span class='ocrx_word' id='word_1_339' title='bbox 806 2707 942 2750; x_wconf 75' lang='grc' dir='ltr'>,,βηκε)</span> <span class='ocrx_word' id='word_1_340' title='bbox 957 2705 1097 2742; x_wconf 82' lang='lat' dir='ltr'>talibus</span> <span class='ocrx_word' id='word_1_341' title='bbox 1116 2706 1360 2756; x_wconf 44' lang='lat' dir='ltr'>causisffluae</span> <span class='ocrx_word' id='word_1_342' title='bbox 1377 2704 1454 2741; x_wconf 86' lang='lat' dir='ltr'>effi-</span> 
     </span>
    </p>
   </div>
  </div>
 </body>
</html>
