1676 3028
346 207 512 253 INST.
549 206 827 256 ORATOR.
860 206 982 252 Lm.
1016 202 1127 263 xn,
1149 218 1195 250 ε.
1334 215 1430 262 527

91 342 252 390 runt,
293 334 539 398 oportet?
620 331 798 402 Quid?
876 348 987 380 non
1027 327 1261 396 quaestio
1297 331 1431 390 juris

81 409 296 467 omnis,
348 420 442 459 aut
493 410 782 459 verborum
821 409 1162 475 proprietate,
1222 416 1313 454 aut
1351 422 1435 454 ae-

94 487 192 552 qui
231 486 620 552 disputatione‚
674 496 764 534 aut
802 486 1092 536 voluntatis
1133 487 1435 544 conjectura

93 563 435 614 continetur?
529 579 760 628 quorum
807 580 928 630 pars
977 561 1044 611 ad.
1092 561 1433 617 rationalem,

94 657 215 707 pars
258 639 324 689 ad
362 641 618 690 moralem
655 649 930 689 tractatum
967 637 1244 688 redundat.
1285 640 1424 702 Ergo
1463 649 1510 676 20

84 727 284 766 natura
330 718 588 784 permixta
636 716 710 766 est
761 716 1011 767 omnibus
1058 715 1170 766 istis
1231 715 1428 771 oratic,

96 811 234 859 quae
274 793 493 859 quidem
526 795 700 849 ,oratio
737 792 810 842 est
849 811 988 843 vere.
1065 795 1207 842 Nam
1247 792 1429 857 ignara

91 870 319 936 quidem
356 871 580 932 hujusce
629 871 898 921 doctrinae
936 872 1226 936 loquacitas
1266 878 1434 927 erret,

85 945 296 1005 -neceffe
333 947 431 1006 est,
485 959 547 997 ut
595 965 731 1014 quae
770 949 859 996 vel
894 949 1103 1016 nullos,
1154 946 1244 995 vel
1279 943 1437 994 falsos

97 1023 257 1074 duces
295 1025 495 1073 habeat.
571 1028 692 1074 Pars
731 1041 872 1074 vero·
902 1024 1172 1081 naturalis,
1213 1039 1335 1071 cum
1361 1020 1436 1070 est

85 1100 163 1152 ‚ad
203 1102 630 1151 exercitationem
671 1101 886 1150 dicendi
923 1111 1069 1150 tanto
1095 1101 1279 1148 ceteris
1306 1098 1436 1147 ube-

97 1179 233 1237 rior,
291 1189 492 1244 quanto
541 1182 740 1238 majore
780 1177 970 1244 spiritu
1007 1177 1074 1226 de
1115 1176 1315 1226 divinis
1354 1192 1436 1224 re-

90 1254 224 1312 bus,
283 1271 444 1319 quam
491 1255 740 1304 humanis
789 1254 1127 1319 loquendum
1170 1252 1270 1312 est,
1319 1262 1437 1302 tum

99 1331 247 1380 illam
273 1332 429 1380 etiam
459 1332 729 1390 moralem,
767 1330 878 1379 sine
904 1348 1010 1396 qua
1041 1331 1191 1380 nulla
1227 1327 1343 1394 effe,
1375 1339 1438 1378 ut

101 1407 401 1466 docuimus,
441 1409 608 1458 oratio
641 1408 824 1475 potest,
862 1418 1023 1457 totam
1054 1407 1435 1472 complectitur.

100 1484 244 1532 Nam
279 1482 323 1531 si
355 1485 558 1549 regitur
590 1484 927 1549 providentia
957 1484 1220 1541 mundus,
1270 1483 1437 1532 admi-
1462 1491 1515 1524 '2²

101 1558 366 1609 nisti-anda
390 1571 526 1610 certe
550 1561 706 1611 bonis
731 1562 860 1610 viris
887 1562 986 1609 erit
1018 1560 1328 1626 respublica.
1382 1561 1439 1610 Si

103 1635 287 1686 divina
316 1636 507 1687 nostris
539 1639 729 1688 animis
770 1639 949 1704 origo,
998 1637 1330 1687 tendendum
1371 1636 1439 1686 ad

103 1714 382 1764 virtutem:
438 1731 536 1763 nec
567 1715 929 1779 voluptatibus
962 1716 1160 1763 terreni
1200 1715 1438 1780 corporis

193 1891 258 1925 20.
318 1894 411 1930 quae
432 1882 578 1931 quidem
601 1883 722 1917 oratio
743 1894 819 1916 om.
844 1880 976 1917 Turio.
998 1879 1101 1915 Flor.
1130 1892 1160 1915 c.
1184 1879 1285 1916 Alm.
1309 1882 1437 1929 quua-

107 1938 227 1972 ct'tatis
258 1938 329 1971 erit
347 1936 464 1979 Flor„
495 1938 684 1986 posterius
705 1951 736 1973 c.
761 1937 862 1974 Alm.
922 1938 1046 1986 utique
1068 1938 1126 1972 vel
1149 1937 1280 1972 Tlu‘ic.
1305 1938 1437 1985 Camp.

81 1993 194 2059 (([οὰ
230 1992 297 2028 hic
325 1993 435 2042 prius
465 1994 702 2043 diremtim).
762 1992 893 2028 hebeat
929 1992 1063 2042 Camp.
1113 1994 1159 2028 de
1193 2006 1270 2028 om.
1305 1993 1441 2030 Turic-

108 2049 240 2085 Ambr.
268 2059 305 2086 2.
336 2048 462 2085 Guelf.
484 2051 614 2099 Camp.
675 2050 915 2098 eloquendum
936 2047 985 2097 est}
1011 2050 1143 2084 Turio.
1171 2048 1274 2085 Flor.
1303 2049 1439 2086 Ambr.

109 2116 146 2141 2.
178 2104 303 2141 Guelf.
329 2105 463 2155 Camp.
485 2118 516 2142 ο.
535 2106 639 2145 Voss'.
661 2116 698 2151 5.
729 2106 803 2142 Sed
823 2105 900 2140 huc
916 2118 995 2142 non
1014 2105 1171 2142 videtur
1191 2105 1316 2142 facere
1336 2119 1442 2142 com-

108 2162 300 2210 pofitum;
360 2162 407 2198 cf.
436 2174 484 2210 9,
514 2168 562 2210 4,
601 2169 691 2210 147.

196 2261 262 2288 21.
316 2252 366 2288 ad
403 2254 488 2288 virt.
528 2254 749 2290 tendendum
779 2252 912 2289 Turio.
948 2255 1194 2302 (quanquam
1224 2253 1290 2288 hic
1321 2262 1442 2289 tenen-

111 2310 198 2346 dum
240 2322 272 2346 c.
303 2308 436 2354 Ποῖ.)
468 2310 600 2359 Camp.
671 2311 717 2345 In
749 2310 881 2346 Turic-
914 2319 1041 2346 tamen
1078 2311 1205 2346 noster
1238 2310 1336 2346 ordo
1374 2323 1443 2360 per

164 2466 231 2492 20.
263 2470 357 2506 quae
378 2456 525 2505 quidem
557 2457 678 2491 oracio
699 2452 748 2503 eft
863 2466 903 2492 ut
960 2457 1157 2493 docuimus.
1225 2457 1349 2496 modo>
1404 2461 1459 2506 §.⁴⁸

109 2525 203 2548 vere.
264 2513 414 2548 Eodem
444 2511 547 2547 redit
569 2510 662 2546 haec
685 2525 748 2546 ex·
811 2519 872 2557 15.

111 2570 251 2618 ceptio,
275 2582 354 2618 quo
376 2567 485 2604 locus
510 2567 661 2616 elegans
688 2579 748 2606 ιο,

111 2632 150 2666 7,
168 2637 228 2661 12.
253 2627 351 2661 Mox
366 2635 492 2662 autem
503 2637 576 2673 pro
590 2624 748 2672 „ignara
863 2634 885 2660 2
899 2639 932 2663 1.
963 2625 1002 2675 si
1030 2628 1168 2676 regitur
1195 2626 1441 2677 providentia.

111 2682 330 2729 .‚qu1'tlem“
368 2682 502 2717 malim
542 2706 565 2722 ‚,
578 2680 604 2716 i.
636 2694 745 2730 quae·
806 2681 851 2719 cf.
874 2691 911 2727 5,
935 2688 969 2726 5,
991 2682 1028 2720 6.

112 2736 260 2778 v³d“m“·
