1676 3028
95 456 117 468 N

264 201 361 259 546
560 203 635 248 M.
681 204 812 248 ΕΑΒ.
860 205 1269 266 QUINTILIANI

188 330 237 366 26
262 327 374 373 Hoc
393 322 508 373 satis
535 323 618 373 est.
669 327 886 390 Alioqui
905 326 1073 374 nitida
1091 328 1182 378 illa
1203 339 1253 377 et
1275 339 1446 378 curata
1463 345 1568 379 vox

260 398 532 448 insolitum
555 401 784 449 laborem
802 400 1068 458 recusabit,
1083 413 1142 450 ut
1156 401 1570 469 assuetagymna-

258 473 346 523 fiis
368 485 418 522 et
440 476 558 523 oleo
583 492 817 539 corpora,
833 477 1120 540 quamlibet
1140 476 1314 527 sintin
1334 478 1438 528 suis
1460 496 1568 528 cer-

259 548 798 615 taniinibuaespeciosa
830 562 983 615 atque
1007 551 1238 610 robusta,
1276 549 1566 603 si'militare

258 625 371 680 iter,
407 623 698 689 fascemque
730 636 783 673 et·
803 628 1006 691 vigilias
1030 629 1268 692 imperes,
1307 627 1567 687 deficiant,

259 709 309 745 et
335 711 584 762 quaerant
612 711 853 750 unctores
886 699 1030 760 suos,
1067 703 1380 767 nudumque
1412 702 1568 760 sudo·-

185 791 235 827 27
257 790 382 822 rem.
451 775 544 822 Illa
574 776 789 838 quidem
819 778 877 826 in
896 777 998 826 hoc
1020 795 1176 844 opere
1199 780 1426 843 praecipi
1449 780 1569 842 quis

257 848 414 906 ferat,
452 850 692 899 vitandos
719 850 849 901 soles
883 862 1035 916 atque
1069 849 1281 910 ventoe,
1318 865 1368 902 et
1386 854 1568 904 nubila

257 925 411 971 etiam
446 941 502 972 ac
528 924 811 976 siccitates?
856 930 930 975 Ita
964 927 1007 975 si
1040 928 1323 977 dicendum
1351 931 1410 977 in
1442 928 1566 986 sole,

239 1010 346 1047 ‘aut
366 998 606 1057 ventoso,
645 1002 886 1059 humido,
925 1003 1094 1052 calido
1120 1005 1204 1052 die
1228 1003 1403 1061 fuerit,
1441 1020 1560 1051 reos

254 1073 583 1126 deseremus?
632 1078 770 1125 Nam
791 1076 1015 1138 crudum
1038 1079 1276 1147 quidem,
1312 1089 1401 1128 aut
1412 1077 1655 1146 ‘satu-»¹003

268 1253 298 1271 ι.
338 1227 402 1263 26.
435 1225 621 1276 recusabit.
644 1229 774 1266 Turio.
798 1228 981 1277 recusavit.
1022 1230 1144 1266 Modo
1172 1229 1295 1266 Guelf.
1321 1230 1467 1271 omittit
1484 1232 1561 1267 illa.

252 1285 351 1319 Mox
377 1284 507 1318 Turio.
538 1283 640 1318 Flor.
672 1283 756 1327 (hic
783 1298 803 1319 a
827 1298 885 1334 pr.
918 1279 991 1334 m.)
1023 1295 1059 1320 et
1082 1298 1153 1333 pro
1179 1294 1228 1325 ut,
1256 1285 1408 1334 adsueta
1425 1287 1559 1322 iidem.

251 1339 382 1374 Turic.
417 1341 504 1372 item
530 1350 602 1385 pro
629 1340 708 1374 iter.
919 1338 1140 1388 fascemque.
1173 1341 1236 1376 Sic
1263 1342 1392 1376 Turio.
1426 1342 1558 1378 Ambr.

251 1404 288 1429 2.
319 1393 444 1428 Guelf.
467 1391 642 1440 (horum
662 1403 824 1440 uterque
841 1393 939 1432 male
957 1407 1051 1429 mox
1070 1396 1252 1431 desiderat
1273 1398 1334 1444 et)
1353 1409 1440 1431 cum
1459 1397 1560 1433 Alm.

249 1449 352 1486 Voff.
379 1458 414 1491 3.
447 1447 604 1495 Reliqui
620 1447 819 1496 fascesque.
858 1449 1022 1495 Aliquot
1041 1451 1153 1484 etiam
1178 1461 1270 1486 vett.
1293 1452 1377 1487 edd.
1401 1453 1446 1487 de
1465 1453 1563 1488 infe-

247 1503 419 1539 liciffima
441 1504 555 1550 Regii
581 1505 796 1549 conjectura
809 1503 994 1551 facesque.
1029 1505 1194 1547 (Similis
1224 1518 1330 1540 error
1347 1507 1472 1546 Badii,
1494 1508 1563 1554 qui

239 1557 408 1609 spaciosa
433 1559 494 1593 sua
524 1557 567 1591 in
593 1567 736 1592 textum
759 1571 911 1606 quoque
935 1559 1139 1602 affumsit.)
1186 1560 1283 1595 Mox
1301 1561 1428 1597 Turio.
1452 1561 1553 1598 Flor.

248 1614 340 1658 (hie
371 1627 390 1647 a
418 1626 476 1661 pr.
502 1613 585 1660 m.)
611 1613 757 1659 implere
786 1625 872 1647 cum
892 1612 993 1649 Alm.
1016 1613 1189 1660 deficient
1206 1615 1337 1651 Ambr.
1359 1627 1394 1652 2.
1427 1617 1552 1654 Guelf.

248 1682 335 1704 cum
361 1668 462 1704 Voff.
501 1680 533 1702 1.
566 1677 603 1710 5.
652 1667 864 1704 Postremus
893 1679 929 1703 et
957 1679 1145 1715 quaerent,
1184 1679 1389 1718 utrumque
1408 1672 1510 1708 Flor.
1534 1687 1556 1708 a

246 1726 313 1759 sec.
337 1737 387 1757 m.
421 1721 572 1769 deficiat
601 1723 730 1769 Camp.
755 1722 935 1770 idemque
955 1726 1118 1759 victores.
1139 1723 1240 1759 17101·-
1265 1726 1303 1771 (a
1318 1739 1375 1773 pr.
1398 1730 1471 1771 m.)
1488 1742 1555 1775 pu-

245 1780 369 1815 dorem
391 1790 477 1813 cum
496 1777 597 1812 Alm.
626 1776 692 1822 (ef.
717 1779 801 1820 22.)
821 1778 1014 1826 ludumque
1030 1778 1138 1815 Basil.
1161 1792 1239 1815 non
1262 1793 1280 1815 e
1301 1781 1518 1829 sphalmate.

324 1887 389 1922 27.
422 1877 556 1912 calido.
593 1877 656 1912 Sic
681 1875 784 1912 Flor.
813 1877 945 1913 Ambr.
970 1888 1005 1912 2.
1038 1878 1161 1914 Guelf.
1191 1893 1277 1915 cum
1309 1881 1424 1917 Goth.
1449 1883 1552 1921 Voss'.

247 1944 284 1970 2.
309 1943 344 1977 3.
378 1933 474 1972 Jens.
504 1943 541 1967 et
559 1932 641 1967 edd.
665 1932 820 1980 posterr.
846 1943 929 1967 ante
952 1932 1040 1970 Ald.
1056 1947 1129 1969 acc.
1155 1936 1244 1970 Bad.
1259 1937 1396 1982 gallico
1420 1938 1552 1975 Turic.

243 2003 329 2026 cum
351 1988 451 2023 Alm.
475 1988 540 2031 (cf.
567 1987 652 2035 26.)
674 1987 842 2034 gelidove
875 1989 1002 2034 Camp.
1048 1988 1203 2037 Reliqui
1235 1992 1410 2028 calidove.
1435 1993 1550 2028 Goth.

241 2050 337 2085 (tac.
372 2044 508 2085 Gesn.)
542 2041 771 2090 diser-eremus
789 2055 877 2077 cum
895 2044 996 2078 Voss'.
1020 2054 1055 2079 2.
1084 2043 1315 2092 desereremus
1338 2046 1431 2082 Vass.
1461 2043 1550 2098 (tac.

239 2102 399 2143 Burm.)
427 2097 618 2146 dzseremus
644 2098 740 2136 Jens.
769 2099 866 2142 (tac.
891 2098 1027 2146 Gesn.)
1057 2098 1255 2147 deseramus
1275 2102 1388 2137 Tarv.
1410 2101 1553 2151 differe·

241 2169 315 2191 mus
341 2155 439 2192 Voff.
472 2167 504 2187 1.
530 2163 565 2196 5.
616 2154 715 2189 Mox
738 2153 882 2200 quidem
910 2154 1054 2188 crudum
1074 2155 1201 2190 Turio.
1226 2154 1327 2191 Flor.
1353 2159 1484 2194 Ambr.
1511 2168 1548 2195 2.

241 2211 371 2257 Camp'.
402 2208 516 2244 Goth.
540 2209 635 2246 Jens.
658 2209 744 2254 (tac.
769 2208 897 2251 Gesn.)
923 2210 1035 2244 Tarv.
1086 2210 1301 2246 Necessario
1323 2213 1552 2261 transposuit

241 2266 396 2313 Regius.
431 2265 477 2298 cf.
504 2270 540 2307 4,
565 2273 601 2304 2,
629 2269 717 2306 128.
744 2262 867 2298 Guelf.
889 2265 1036 2311 quidam
1057 2266 1204 2301 crudum
1224 2276 1260 2301 et
1279 2280 1372 2303 mox
1394 2268 1548 2316 quidem.

240 2322 369 2357 Turie.
394 2319 495 2355 Flor.
520 2319 601 2366 (hic
620 2332 640 2353 a
659 2331 716 2367 pr.
738 2320 810 2362 m.)
832 2327 966 2355 evecto.

296 2453 359 2489 26.
426 2451 646 2502 fascemque.
723 2451 864 2499 Virgil.
918 2453 1118 2488 Marianos
1129 2453 1219 2488 vide
1233 2453 1276 2489 in
1286 2452 1438 2491 Lexicis
1449 2465 1546 2489 voce

239 2509 377 2556 Georg.
390 2517 427 2552 3,
443 2508 504 2551 46.
520 2515 582 2552 47.
610 2508 865 2542 Romanus—
889 2528 893 2540 ι
919 2509 1045 2543 mulus.

236 2560 370 2609 lnjufio
387 2563 456 2611 sub
472 2562 575 2611 fasce
600 2564 698 2597 viam
709 2582 722 2588 -
734 2565 862 2609 carpit.
971 2563 1172 2613 nudumque
1190 2563 1371 2612 sudorem.
1410 2562 1543 2611 Oppo-

236 2619 409 2665 Quornm
423 2618 486 2652 hic
501 2617 640 2653 Pseudo
653 2637 705 2644 —
716 2617 820 2652 Turn
828 2632 863 2651 e·
916 2618 1023 2659 nitur
1039 2619 1084 2658 ei,
1108 2620 1175 2666 qui
1192 2621 1233 2654 in
1247 2618 1344 2655 veste
1352 2617 1544 2667 perferen·

233 2673 304 2709 bus
334 2672 574 2710 mentionem
607 2672 716 2713 facit,
749 2673 862 2708 mulos
917 2671 985 2710 dus
1000 2673 1065 2715 est,
1090 2673 1121 2718 ὖ.
1144 2682 1210 2717 25.
