1676 3028
295 193 461 238 INST.
499 190 780 238 ORATOR.
815 189 937 235 LIB.
969 188 1078 245 XII,
1113 202 1156 233 2.
1297 200 1391 246 517

56 334 166 372 non
195 323 302 382 jam
331 317 390 367 in
421 326 540 368 actu
575 316 674 367 suo
703 326 860 381 atque
892 317 951 364 in
988 315 1085 363 hac
1122 313 1226 364 fori
1269 316 1389 363 luce

54 395 351 454 versantur,
408 394 499 444 sed
547 395 606 444 in
652 395 888 460 porticus
927 402 979 440 et
1017 394 1075 440 in
1116 391 1387 458 gymnasia

52 475 339 542 primum,
378 487 510 523 mox?
540 473 599 520 in
639 481 932 520 conventus
971 467 1269 518 scholarum
1304 485 1387 517 re-

43 547 349 609 ,cess'erunu
385 548 446 598 id
487 548 635 614 quod
675 546 748 596 est
788 547 983 605 oratori
1021 544 1390 602 necessarium,

16 618 28 621 ⁹
50 645 151 679 nec
202 645 232 677 a
279 625 493 676 dicendi
544 625 972 693 praeceptoribus
1020 623 1271 681 traditur,
1322 622 1386 671 ab

51 705 118 754 iis
156 693 333 771 petere
370 703 628 752 nimirum
667 699 863 752 necess'e
904 699 1005 760 est,
1065 700 1209 768 apud
1249 715 1386 765 quos

0 779 323 840 59remansst,
362 779 674 829 evolvendis
698 781 909 846 penitus
933 778 1252 836 auctoribus,
1288 777 1385 841 qui

50 857 118 907 de
154 860 350 908 virtute
386 858 717 923 praecipiunt
727 875 741 915 ;
783 866 844 906 ut
866 856 1090 906 oratoris
1119 856 1231 903 vita
1259 870 1383 902 cum

47 933 261 984 scientia
309 934 614 983 divinarum
661 950 842 983 rerum
892 931 957 981 fit
1002 933 1388 1001 humanarum<

47 1029 155 1077 que
194 1014 484 1071 conjuncta.
584 1014 732 1079 Quae
781 1008 920 1075 ipsae
970 1019 1169 1074 quanto
1219 1011 1430 1068 majo-9

45 1095 128 1138 res
170 1104 228 1136 ac
266 1087 601 1154 pulchriores
642 1086 971 1144 viderentur,
1010 1084 1054 1134 si
1075 1086 1192 1134 illas
1221 1086 1262 1133 ii
1288 1084 1385 1134 do-

47 1252 130 1301 qui.
189 1252 236 1288 de
269 1255 351 1302 quis
387 1265 459 1302 pro
499 1255 562 1303 qui
592 1250 636 1302 se
665 1252 798 1289 Turio.
848 1250 968 1300 studii
990 1251 1075 1302 sap.
1111 1251 1243 1288 Turic.
1275 1249 1379 1286 Flor.

46 1317 147 1344 actus
166 1307 239 1358 suo
269 1309 401 1345 Turio.
682 1318 718 1344 et
749 1311 786 1342 1⁰12
813 1307 1024 1358 gymnasia.
1086 1309 1150 1344 Sic
1179 1310 1311 1356 Camp.
1344 1317 1381 1342 et

45 1362 141 1400 latet
177 1365 411 1414 praepositio
450 1365 494 1400 in
530 1365 637 1401 hisce
670 1365 800 1401 Turic-
835 1365 936 1400 Flor.
974 1367 1120 1412 porticu
1139 1363 1209 1414 sed
1239 1363 1381 1412 ingenii

37 1418 78 1469 [ἱ
106 1434 130 1456 a
160 1420 282 1467 (Flor.
314 1422 351 1455 in
380 1435 495 1470 genus
523 1423 592 1467 ia).
638 1436 702 1457 nec
731 1422 916 1457 adiciemli
945 1420 1049 1458 Flor.
1077 1421 1212 1457 Ambr.
1246 1431 1281 1457 2.
1314 1433 1379 1455 nec

43 1477 262 1512 adicendum
284 1477 387 1513 Voss'.
414 1491 446 1512 1.
478 1493 512 1514 n.
543 1478 790 1523 adjiciendum
817 1478 920 1515 Voss'.
942 1486 980 1521 3.
1002 1492 1037 1513 n.
1058 1478 1246 1522 adjicendi
1266 1479 1377 1512 Bern-

44 1546 79 1569 ιι.
118 1532 320 1578 adjiciendi
356 1533 454 1570 Jens.
493 1533 593 1581 (tae.
625 1535 763 1577 Gesn.)
802 1534 919 1569 Tarv.
980 1535 1076 1570 trad.
1108 1543 1143 1569 ec
1173 1535 1219 1570 ab
1253 1533 1372 1570 Goth.

42 1591 142 1632 (tac.
175 1589 308 1631 Gesn.)
365 1589 416 1626 ab
454 1589 511 1624 his
548 1590 682 1639 Camp.
740 1588 974 1639 neceffarium
1011 1587 1062 1638 est
1099 1591 1233 1626 Turic.
1267 1589 1372 1625 Flor.

43 1645 177 1694 Camp.
209 1658 241 1683 c.
274 1643 378 1682 Alm.
434 1659 525 1695 quos
555 1659 632 1682 om.
667 1646 800 1683 Ambr.
834 1657 870 1682 2.
1153 1646 1378 1684 evolvendis.

43 1700 107 1738 sic
135 1701 268 1751 Camp.
298 1702 449 1737 volendi
478 1702 610 1738 Turio.
641 1702 746 1738 Flor.
777 1703 951 1738 volvendi
979 1696 1106 1740 Ahn.'
1140 1704 1376 1744 Evolvendi,

42 1754 206 1795 dsromta
237 1771 256 1791 a
286 1758 711 1806 proximisiententia,
743 1758 901 1806 reliqui.
960 1768 963 1769 ’
1152 1759 1372 1795 auctoribus.

43 1812 108 1848 Sic
136 1813 271 1850 Turio.
305 1813 436 1861 Camp.
471 1814 680 1849 ductoribus
709 1814 812 1850 Flor.
850 1823 1017 1852 auctores
1045 1814 1205 1866 reliqui.
1275 1817 1376 1851 Mox

41 1881 116 1919 pro
147 1877 187 1905 ut
217 1870 379 1904 oratoris
408 1870 540 1905 Turio.
571 1869 676 1906 Flor.
710 1870 913 1907 autoribus.
1139 1872 1141 1875 ’

125 1972 164 2010 9.
209 1960 297 2004 maj.
339 1958 408 1993 hic.
444 1959 584 2007 pulchr.
617 1960 798 1996 videretur
828 1956 959 1998 Turio.
1011 1961 1050 2011 si
1080 1963 1147 1998 illa
1166 1961 1205 2012 fi
1233 1963 1379 1998 docere·

42 2026 102 2052 tur
139 2014 272 2053 Turic.
305 2013 406 2050 Flor.
438 2013 478 2062 si
506 2015 592 2051 illas
621 2017 635 2050 l
664 2016 743 2052 doc.
773 2018 908 2054 Ambr.
942 2029 978 2054 2.
1012 2018 1051 2068 si
1080 2020 1147 2054 illa
1168 2018 1311 2068 scilicet
1341 2019 1378 2056 d.

40 2071 170 2108 Guelf.
202 2084 232 2106 c.
267 2082 387 2118 marg.
418 2070 527 2106 Bam.
586 2070 735 2121 poffunt
766 2073 868 2109 Flor.
898 2087 928 2109 c.
962 2075 1112 2124 Gryph.
1147 2086 1184 2111 et
1217 2075 1377 2125 posterr.

39 2139 126 2165 ante
157 2127 254 2164 Obr.
282 2139 358 2162 acc.
389 2126 492 2163 Roll.
556 2131 696 2164 utinam
725 2130 803 2166 sine
832 2144 900 2180 que
931 2131 1060 2168 Guelf.
1094 2131 1142 2168 cf.
1176 2131 1223 2172 6,
1255 2142 1307 2178 5,
1340 2139 1378 2176 5.

97 2288 133 2328 8.
150 2284 190 2317 in
208 2291 290 2318 actu
300 2280 384 2330 suo.
416 2281 496 2318 Ubi
509 2282 548 2317 id
558 2282 683 2330 ipsum
741 2282 867 2320 clarat.
924 2287 1028 2322 Bene
1059 2298 1185 2323 autem
1208 2290 1379 2323 stoicam

21 2386 26 2387 ⁷
45 2339 185 2388 agitur,
212 2340 318 2386 quod
341 2338 461 2373 studia
483 2338 550 2372 illa
575 2350 683 2387 prae·
742 2353 761 2374 a
781 2340 943 2390 reliquis
965 2342 1073 2379 sectis
1093 2344 1264 2384 secernit,
1285 2356 1382 2392 quo-

44 2395 209 2443 eipiunt.
253 2396 309 2429 Ita
329 2394 517 2430 rationem
539 2407 683 2444 prono·
741 2397 844 2431 niam
859 2411 900 2433 ea
917 2397 992 2435 sola
1006 2411 1085 2434 non
1103 2400 1145 2435 in
1165 2401 1392 2449 gymnasio„

6 2484 9 2486 .
30 2450 164 2493 'niuis
187 2449 347 2485 reddere
373 2450 525 2485 videor.
791 2452 950 2501 scientia
978 2474 1031 2482 —
1058 2456 1378 2505 humanarumque.

31 2515 53 2540 :-
102 2508 142 2542 in
167 2507 393 2554 porticus—
406 2505 684 2554 -scholarum.
740 2510 844 2546 Nota
866 2522 1043 2546 veterum
1064 2512 1266 2560 sapientiae
1285 2513 1382 2550 defi·

42 2559 222 2598 Drinum
264 2576 360 2611 quae
400 2562 500 2610 apud
538 2573 685 2599 veteres
739 2565 867 2606 nitio:
900 2567 946 2602 cf.
969 2568 1049 2604 Cic.
1074 2569 1120 2603 de
1147 2568 1262 2604 offic.
1282 2580 1318 2610 2,
1337 2579 1376 2606 Ω.

13 2616 214 2655 ssffit'uoos
260 2618 379 2655 fuerit
415 2618 687 2667 philosophiae
742 2622 895 2658 Tuteul.
918 2630 953 2667 4,
982 2622 1044 2660 26.
1073 2624 1295 2674 Diligenter
1319 2641 1383 2662 au-

51 2672 248 2718 αοιιᾶἱιίο,
305 2688 401 2710 mox
444 2688 540 2724 quae
585 2676 688 2724 apud
745 2687 823 2714 tem
853 2678 929 2714 hoc
956 2679 1045 2715 loco
1064 2682 1143 2717 vita
1163 2694 1251 2718 cum
1264 2681 1384 2733 scien·

51 2727 247 2767 Romam
265 2731 410 2781 suoque
429 2742 604 2782 tempore
626 2732 689 2769 de·
749 2737 802 2771 tia
821 2737 1082 2786 componitur.
