1676 3028
323 244 488 289 INST.
532 242 810 291 ORATOR.
853 216 978 288 ΜΒ.
1017 242 1089 299 Χ,
1128 254 1174 297 3.
1334 253 1430 303 145

70 370 134 420 -N
135 385 271 436 eque
292 370 438 419 enim
459 368 640 420 rursus
664 386 768 427 eos,
808 368 905 435 qui
936 368 1106 418 robur
1127 369 1350 435 aliquod
1367 371 1428 421 in

74 445 195 497 stilo
228 446 480 505 fecerint,
552 447 618 495 ad
658 446 931 496 infelicem
975 447 1336 497 calumniandi
1373 448 1426 498 fe

73 541 305 590 poenam
347 524 638 591 alligandos
690 534 838 589 puto,
956 526 1099 573 Nam
1146 526 1425 590 quomodo

73 599 309 651 sufficere
340 601 525 652 officiis
564 601 815 651 civilibus
852 600 1029 667 poffit,
1078 604 1174 667 qui
1204 602 1426 670 singulis

75 680 348 728 actionum
386 679 624 745 partibus
664 677 984 728 insenescat?
1061 681 1195 729 Sunt
1230 691 1426 739 autem,

74 756 276 819 quibus
310 756 450 805 nihil
482 755 544 805 fit
578 755 724 815 satis;
767 757 947 806 omnia
976 767 1210 816 mutare,
1242 759 1424 808 omnia

71 832 224 881 aliter
253 832 457 892 dicere,
506 851 668 900 quam
704 835 958 891 occurrit,
1008 835 1202 884 velint:
1251 837 1423 884 incre·

71 907 191 958 duli
215 909 450 974 quidam,
471 921 523 958 et
547 910 613 958 de
635 911 855 975 ingenio
879 910 978 959 suo
997 910 1205 977 peffime
1226 914 1421 970 meriti,

68 987 169 1050 qui
202 986 532 1052 diligentiam
568 997 774 1053 putant,
810 986 983 1036 facere
1023 987 1121 1036 fibi
1155 987 1421 1039 scribendi

68 1061 443 1113 difficultatem.
522 1065 638 1115 Nec
658 1074 936 1130 promtum
956 1063 1029 1112 est
1052 1065 1245 1123 dicere,
1271 1077 1420 1117 utros

65 1155 283 1206 peccare
317 1141 547 1191 validius
590 1152 800 1207 putem,
876 1141 1074 1208 quibus
1112 1144 1292 1192 omnia
1331 1142 1422 1194 sua

70 1297 199 1326 novus,
229 1286 334 1321 miro
358 1285 519 1320 errantis
541 1294 714 1334 torpore.
920 1286 1051 1335 Neque
1071 1287 1179 1322 enim.
1203 1285 1267 1322 Sic
1284 1288 1419 1325 Tatio.

68 1339 174 1376 Flor.
199 1342 326 1378 Guelf.
359 1341 438 1376 Nec
456 1354 544 1377 vero
573 1342 706 1390 Camp.
736 1355 831 1379 rcum
851 1342 940 1379 Ald.
974 1341 1020 1379 cf.
1043 1352 1082 1386 5,
1119 1352 1156 1385 5,
1196 1356 1228 1378 1.
1258 1343 1423 1393 Reliqui

74 1396 154 1431 Nec
185 1412 214 1434 e.
259 1399 305 1435 cf.
338 1410 383 1446 9,
424 1407 471 1442 5,
516 1408 580 1446 79.
826 1399 999 1447 fecerint.
1042 1398 1159 1434 Goth.
1192 1401 1290 1438 Jens.
1328 1405 1418 1447 (tac.

73 1451 204 1499 Gasn.)
225 1454 397 1503 fecerunt·
426 1467 515 1489 cum
547 1455 634 1493 edd.
666 1455 825 1504 posterr.
858 1467 944 1492 ante
972 1454 1084 1491 Bam.

158 1511 414 1548 calumniandi
429 1509 486 1559 se.
528 1511 660 1548 Turic.
691 1512 730 1558 (a
755 1513 824 1549 see.
851 1512 924 1558 m.)
964 1526 993 1548 c.
1015 1509 1098 1561 effe.
1146 1511 1244 1550 Obr.
1276 1527 1304 1549 c.
1325 1512 1420 1563 sese.

75 1565 124 1603 ef.
158 1580 218 1608 ιο,
250 1580 290 1609 2,
321 1576 384 1605 22.
419 1566 532 1603 male.
562 1569 643 1605 vid.
671 1581 707 1616 9,
741 1575 777 1613 4,
811 1576 877 1614 34.
903 1577 995 1613 137.

163 1659 228 1682 11.
276 1644 415 1696 officiis
446 1647 615 1683 civilibus
642 1646 767 1697 poffit.
813 1649 947 1684 Turic-
998 1644 1170 1696 offieibus
1199 1647 1334 1683 civiliis
1354 1646 1421 1696 fit.

71 1714 92 1737 a
108 1702 178 1738 sec.
198 1715 251 1738 m.
279 1704 464 1744 nostrum,
489 1714 526 1739 et
551 1704 601 1739 [ic
623 1705 728 1740 Flor.
760 1706 894 1754 Camp.
923 1719 957 1742 ο.
978 1719 1015 1751 p.
1038 1719 1066 1741 c.
1100 1702 1228 1740 Guelf.
1262 1704 1424 1753 Reliqui

69 1773 102 1797 ι’.
127 1771 161 1794 o.
180 1772 219 1808 p.
442 1759 606 1809 singulis
626 1762 826 1799 actionum.
858 1762 991 1797 Turic.
1008 1759 1112 1796 Flor.
1143 1761 1316 1796 inserunt
1351 1762 1422 1802 vel,

71 1814 181 1864 quod
206 1814 318 1863 prior
346 1815 414 1850 sec.
450 1830 501 1852 m.
539 1827 664 1853 mutat
694 1818 737 1852 in
762 1819 883 1859 velut,
927 1829 964 1854 et
994 1817 1045 1852 sic
1079 1818 1211 1865 Camp.
1243 1817 1423 1866 Suspicor

68 1871 401 1920 transponendum
434 1873 495 1908 vel
515 1873 678 1922 singulis
698 1888 734 1910 α.
965 1872 1177 1922 insenescat.
1208 1872 1336 1909 Guelf.
1369 1876 1424 1908 in-

64 1925 220 1976 suescat.
254 1928 385 1976 Camp.
417 1928 669 1979 inseneftacur.
925 1932 1090 1967 occurrit.
1132 1930 1267 1978 Camp.
1301 1943 1423 1965 occur·

68 1991 132 2019 rat
159 1996 250 2019 cum
280 1982 377 2020 Obr.
607 1987 735 2023 velint.
767 1982 902 2023 Turic-
928 1986 1033 2023 Flor.
1064 1987 1166 2022 velut
1202 1999 1292 2022 cum
1320 1986 1423 2024 Jens.

68 2050 111 2075 et
139 2040 225 2075 edd.
261 2040 420 2088 posterr.
453 2053 541 2081 ante
566 2043 655 2080 Ald.
826 2063 831 2069 ν
946 2044 1108 2092 quidam.
1151 2043 1284 2077 Turic.
1317 2042 1421 2078 Flor.

52 2096 221 2145 -qm'dem
256 2109 347 2132 cum
383 2097 495 2134 Bam.
788 2098 938 2149 peffime
969 2101 1100 2135 meriti.
1142 2099 1276 2134 Turio.
1313 2098 1419 2134 Flor.

71 2153 123 2194 (ι
154 2163 213 2199 pr.
249 2165 302 2188 m.
342 2153 535 2203 uterque)
574 2153 704 2204 poffim
733 2158 887 2191 emeriti.
956 2156 1082 2191 Modo
1116 2154 1189 2204 suo
1233 2155 1423 2191 omittunt

72 2207 206 2243 Turic-
243 2207 347 2244 Flor.
387 2208 472 2253 (hic
501 2223 596 2259 afr.
618 2211 691 2257 m.)
728 2211 861 2261 Camp.
894 2225 983 2248 cum
1016 2211 1119 2248 Alm.
1149 2211 1317 2247 Fortass'e
1351 2223 1424 2249 nee

1452 551 1500 575 11

1445 1079 1496 1107 12

70 2261 193 2303 male;
239 2264 430 2312 „ingenio
468 2277 632 2308 nocent;
681 2268 888 2317 ingenium
925 2269 1116 2305 infamant
1156 2279 1271 2303 omne
1282 2291 1294 2308 ,
1340 2279 1422 2304 non
1469 2269 1482 2279 ¹

67 2319 208 2362 „fuum
227 2320 394 2357 solum-‘⁸

130 2432 383 2470 calumniandi
392 2433 448 2484 se.
461 2435 507 2470 cf.
522 2442 544 2480 8
557 2437 723 2479 Pro-31.
842 2447 906 2475 12.
935 2439 1110 2474 validius.
1142 2436 1324 2479 „valdius
1344 2450 1430 2476 non

68 2486 167 2524 item
193 2502 254 2529 ιο,
268 2500 305 2533 7,
325 2497 385 2535 ι4.
401 2491 472 2527 ubi
493 2491 598 2527 idem
618 2487 721 2528 illud
779 2496 859 2536 „est
879 2496 922 2530 in
944 2496 1024 2537 usu,
1053 2496 1150 2531 ficut
1176 2504 1310 2530 contra
1337 2507 1426 2530 raro

68 2543 306 2591 infelicitatis
330 2547 581 2584 vocabulum.
773 2551 932 2593 „valide
994 2552 1204 2591 dicimus.“
1265 2551 1426 2591 Badius,

71 2621 75 2625 ·
132 2613 193 2637 ιι.
217 2601 380 2651 singulis
399 2607 599 2641 actionum.
623 2605 715 2641 vide
773 2619 1012 2644 memoratus
1043 2608 1157 2643 etiam
1184 2608 1424 2643 Burmanno.

66 2667 150 2693 not.
179 2658 265 2694 crit.
773 2665 949 2702 Viciffim
981 2663 1232 2704 ad'Deelam.
1267 2676 1316 2712 9,
1362 2668 1424 2706 14.

125 2713 173 2748 de
201 2715 350 2762 ingenio
372 2713 443 2763 suo
471 2714 622 2766 peffime
643 2731 716 2754 me·
773 2734 812 2769 p.
843 2723 975 2756 Burm-
1008 2730 1101 2756 202.
1143 2720 1251 2756 idem
1281 2718 1425 2755 desido-

69 2769 147 2803 riti.
178 2771 227 2807 cf.
241 2782 327 2807 not.
346 2772 433 2809 crit.
772 2789 858 2812 rare
878 2787 1054 2812 narratur
1069 2776 1226 2817 valdius,
1238 2775 1311 2811 ubi.
1331 2772 1424 2809 vide

132 2824 237 2861 Tum.
267 2822 353 2862 IV.'
921 2835 962 2868 R
