1676 3028
207 798 246 823 ιθ

263 216 358 261 513
566 207 639 254 M.
675 208 807 255 ΕΑΒ.
844 210 1245 269 QU1NT1L1AN1

267 339 468 387 cerent,
507 331 602 394 qui
641 333 793 379 etiam
828 332 1006 396 eloqui
1038 332 1443 396 praestantiffime
1464 335 1581 401 pos-

269 402 413 452 sent?
489 407 806 469 Utinamque
844 404 910 454 sit
947 417 1152 472 tempus
1189 424 1439 473 unquam,
1471 429 1579 475 quo

273 478 535 545 perfectus
582 482 794 544 aliquis,
844 482 1053 545 qualem
1095 492 1358 548 optamus,
1409 497 1581 534 orator

269 553 405 602 hanc
452 565 614 603 artem
652 555 875 620 superbo
913 558 1129 605 nomine
1181 568 1231 605 et
1266 559 1410 607 vitiis
1451 576 1583 624 quo-

272 629 498 677 rundam
537 630 672 679 bona
713 635 825 690 ejus
862 635 1312 696 corrumpentium
1349 632 1584 692 invisam,

271 703 504 751 vindicet
550 703 673 763 sibi,
725 722 807 763 ac,
859 707 1008 755 velut
1042 707 1196 756 rebus
1234 709 1490 772 repetitis,
1527 709 1586 756 in

277 795 469 843 corpus
511 780 838 844 eloquentiae
874 781 1106 830 adducat.
1193 786 1333 850 Quae
1372 782 1589 847 quidem

275 870 394 900 curn
429 852 493 902 sit
526 856 584 902 in
613 867 713 904 tres
744 854 911 904 divisa
932 867 1117 922 partes,
1153 857 1450 915 naturalem,
1486 874 1592 906 mo-

277 928 462 986 ralem,
502 931 827 980 rationalem.-
866 948 967 996 qua
1005 931 1213 981 tandem
1236 949 1347 983 non
1372 931 1444 982 est
1471 948 1594 982 cum

551 1093 641 1127 hanc
678 1104 804 1129 artem.
863 1093 925 1128 Sic
961 1094 1091 1130 Ambr.
1126 1103 1162 1129 2.
1205 1093 1330 1130 Guelf.
1369 1107 1400 1132 c.
1432 1094 1526 1131 Obr.
1556 1094 1594 1131 h.

279 1155 420 1196 partem
445 1146 611 1195 reliqui;
642 1148 688 1183 cf.
724 1157 791 1188 ια,
827 1163 871 1188 ι,
908 1148 966 1183 ι6.
1024 1149 1186 1197 Vulgata
1217 1150 1266 1185 ob
1298 1163 1356 1186 eas
1387 1163 1481 1198 quae
1502 1161 1596 1185 mox

281 1202 341 1245 (ᾗ.
379 1204 461 1246 ιο.)
493 1203 577 1238 sunt
609 1211 677 1238 tres
705 1212 826 1251 partes
857 1203 949 1238 ferri
974 1206 1121 1251 nequit.
1166 1206 1348 1240 vindicent
1375 1205 1477 1241 Flor.
1538 1204 1598 1240 Aa

282 1256 400 1303 hujus
431 1261 465 1304 ᾖ.
500 1270 636 1293 vocem
673 1260 890 1306 Utinamque
913 1258 1049 1294 desinit
1077 1261 1370 1295 commentarius
1394 1260 1596 1307 Regianus.

495 1335 531 1368 in
560 1332 670 1382 tristis
699 1336 734 1370 d.
765 1335 870 1371 Flor.
1012 1349 1082 1383 qua
1112 1336 1267 1371 tandem.
1301 1335 1364 1372 sio
1392 1336 1523 1373 Ambr.
1561 1345 1598 1370 2.

286 1389 411 1426 Guelf.
441 1403 471 1426 c.
503 1392 615 1426 Bern.
647 1403 753 1438 quam
782 1401 904 1426 tamen
932 1391 1063 1426 Turic-
1094 1404 1186 1440 quae
1206 1399 1325 1427 tamen
1342 1391 1444 1428 Plor.
1468 1392 1598 1440 Camp.

373 1347 433 1370 10.

345 1543 381 1579 9.
447 1535 724 1581 Utinamque—
745 1546 914 1582 unquam.
972 1533 1179 1580 suspectum
1201 1533 1267 1577 (cf.
1289 1546 1322 1569 ι.
1343 1537 1429 1570 Pro.
1450 1534 1530 1579 14.)
1540 1533 1599 1570 in-

286 1588 474 1623 Posterius
498 1597 596 1622 recte
628 1597 757 1622 tuetur
776 1589 918 1622 Radius
974 1588 1121 1622 vidiam
1155 1587 1297 1624 fecerit.
1352 1590 1446 1634 Ejus
1479 1600 1604 1625 autem

284 1653 419 1679 ,contra
446 1644 608 1690 Regium
639 1653 838 1690 negantem
869 1643 919 1677 ci·

232 1712 235 1713 ⁷
288 1709 345 1734 tra
368 1700 607 1744 negationem
629 1698 735 1744 poni.
786 1698 855 1732 Sed
881 1709 922 1731 ea

279 1754 368 1801 -ipra
382 1753 431 1788 est
443 1754 482 1787 in
495 1752 815 1799 interrogatione3
838 1763 925 1798 qua-

293 1808 370 1842 lem
401 1803 738 1854 frequentissim31m
770 1808 926 1842 demon-

295 1863 382 1898 strat
405 1863 508 1896 idem
539 1861 676 1896 Badius
706 1862 747 1896 in
775 1861 853 1896 illis
883 1875 926 1895 en

298 1920 366 1952 eric
377 1931 533 1964 unquam
547 1915 614 1950 Ille
635 1917 712 1951 dies
726 1918 830 1964 Virg.
845 1915 925 1952 Ecl.

300 1979 337 2017 8,
363 1983 398 2014 7.
429 1974 488 2007 De
515 1972 584 2006 hac
605 1971 726 2006 forma
743 1973 927 2007 Burman-

300 2040 372 2063 nus
403 2026 550 2074 ablegat
582 2026 628 2060 ad
660 2028 693 2064 J.
716 2029 755 2061 F.
778 2028 928 2061 Grono-

301 2083 410 2119 vium
433 2083 479 2116 ad
503 2082 591 2116 Liv.
618 2090 682 2124 30,
703 2093 768 2121 21,
791 2088 826 2125 3.
858 2081 930 2115 Sed

303 2138 480 2174 tractavit
514 2137 589 2182 jam
629 2136 860 2183 Erythraeus
890 2136 932 2170 in

303 2193 432 2228 Indice
444 2190 582 2238 virgil.
593 2204 628 2226 v.
642 2205 808 2239 unquam.
820 2191 928 2239 Opti-

303 2261 366 2283 me
395 2260 550 2295 unquam
579 2241 792 2281 restitutum
836 2246 932 2282 Ovi-

307 2302 365 2338 dii
387 2302 514 2337 versui
533 2303 663 2335 Amor.
692 2313 723 2342 ι,
747 2301 783 2338 6.
806 2309 869 2345 25.
891 2303 935 2337 ab

306 2357 464 2392 Heinsio
490 2365 623 2390 monet
642 2356 773 2392 Burm.
797 2357 866 2391 ubi
886 2357 937 2391 fa-

307 2425 356 2448 ne
377 2410 482 2447 nulla
503 2422 571 2446 nec
587 2411 754 2458 negatio,
782 2424 852 2446 nec
879 2411 938 2446 in-

310 2466 533 2513 terrogatio.

367 2522 458 2557 hane
474 2529 599 2556 artem.
638 2520 837 2568 Significat
853 2520 939 2569 phi-

309 2576 547 2624 losophiam,
615 2576 680 2610 cui
715 2587 855 2610 nomen
895 2575 939 2610 ab

314 2631 476 2678 originis
509 2630 591 2664 suae
621 2629 805 2671 modestia*
832 2629 942 2665 defle-

313 2697 430 2727 xum,
495 2687 648 2735 jamque
707 2684 941 2734 arrogantiae

977 1641 1168 1690 triplicem
1205 1642 1434 1679 divisionem
1471 1644 1607 1692 tetige-

978 1708 1036 1732 rat
1066 1697 1108 1732 in
1137 1698 1340 1734 Prooemio
1373 1712 1528 1747 quoque
1549 1710 1607 1734 to-

983 1753 1057 1786 tius
1093 1752 1219 1798 operis
1253 1752 1284 1794 ᾖ.
1319 1762 1379 1797 ²5·
1437 1756 1608 1801 Quarum

981 1805 1149 1854 partium
1171 1806 1322 1849 eadem,
1362 1821 1457 1856 quae
1486 1810 1610 1844 noster

984 1861 1046 1903 (cf.
1085 1860 1122 1902 6,
1153 1870 1188 1901 2,
1221 1864 1288 1906 8.),
1329 1864 1512 1899 vocabula
1540 1876 1610 1913 po-

982 1926 1079 1951 nunt
1097 1918 1233 1952 Seneca
1255 1918 1369 1966 Epist.
1390 1926 1453 1965 89.
1475 1930 1514 1955 et
1533 1919 1612 1955 Ma·

985 1971 1139 2006 crobius
1187 1973 1227 2006 in
1273 1973 1351 2008 fine
1400 1973 1526 2010 libelli
1564 1975 1611 2012 do
1647 2018 1656 2024 ,

985 2026 1144 2061 Somnio
1185 2029 1396 2075 Scipionis;
1450 2030 1510 2064 [ed
1546 2029 1612 2066 hic

986 2082 1205 2116 rationalem
1252 2097 1511 2132 nequaquam,
1571 2095 1613 2121 ut

989 2148 1077 2170 cum
1116 2139 1251 2172 Seneca
1281 2139 1377 2185 Qu.,
1422 2139 1469 2175 ad
1498 2139 1614 2175 diale-

985 2191 1106 2225 cticen
1127 2192 1208 2226 astri
1217 2193 1308 2240 ugit,
1334 2207 1469 2230 verum
1489 2195 1534 2230 de
1563 2197 1615 2230 in-

989 2249 1171 2292 corporeis
1201 2249 1411 2285 sermonem
1448 2251 1518 2285 ess'e
1543 2258 1616 2286 tra-

994 2300 1079 2338 dit‚·
1101 2313 1187 2336 cum
1217 2303 1262 2337 de
1287 2313 1385 2339 motu
1409 2313 1444 2339 et
1474 2307 1618 2340 immor·

995 2356 1138 2390 talitate
1182 2360 1325 2393 animae
1378 2360 1616 2407 disputetur,

996 2422 1090 2456 quae
1111 2411 1275 2447 naturali
1295 2413 1558 2461 philosophiae
1570 2413 1618 2449 ab

993 2463 1072 2500 illis
1119 2467 1402 2514 impertiuntur.
1483 2469 1620 2515 Corpus

996 2518 1234 2567 eloquentiae
1291 2522 1452 2562 dicitur,
1510 2524 1620 2568 cuju·

999 2575 1101 2622 quali
1131 2575 1298 2610 membra
1335 2576 1406 2612 fint
1433 2577 1620 2624 singulae,

998 2642 1089 2676 quas
1111 2639 1238 2665 orator
1255 2642 1381 2666 mente
1402 2631 1621 2680 complecti-

998 2694 1070 2723 tur,
1101 2694 1197 2720 artes
1226 2685 1292 2730 (cf.
1318 2696 1380 2728 22,
1412 2701 1449 2729 1,
1469 2688 1568 2732 250·
1603 2710 1606 2715 -
1651 2715 1654 2717 Α
