1676 3028
335 178 502 224 INST.
536 177 816 224 ORATOR.
849 176 970 222 LIB.
1006 175 1103 232 xt,
1140 186 1186 230 3.
1329 183 1424 234 345

82 305 297 359 sumtus
317 302 565 354 destituit.
646 303 787 352 Nam
807 299 1059 368 fatigatio,
1098 310 1159 350 ut
1183 318 1423 367 corpora,

41 412 47 430 =.
81 382 295 439 nonxad
322 380 561 448 praesens
595 379 759 430 modo
787 387 1025 445 tempus,
1052 376 1151 448 *sed
1171 379 1331 427 etiam
1362 380 1423 428 in

75 458 327 522 futurum
361 457 528 507 afficit.
599 457 701 507 Sed
736 467 797 506 ut
833 456 1190 506 communiter
1209 467 1263 505 et
1283 456 1421 524 pho·
1442 476 1495 503 22

62 535 244 603 ¹nascis
269 546 321 586 et
347 535 645 586 oratoribus
670 531 944 584 neceffaria‘
965 533 1282 592 exercitatio,
1318 550 1424 599 qua

50 603 53 609 ¹
83 615 265 664 omnia
288 611 680 677 convalescunt,
694 613 766 660 ita
789 627 944 660 curae
967 628 1078 660 non
1094 610 1238 659 idem
1253 627 1424 676 genus

81 689 168 740 est.
257 691 399 739 Nam
431 706 607 755 neque
654 698 791 737 certa
824 698 1062 754 tempora
1104 687 1171 736 ad.
1199 687 1424 754 spatian-

81 767 215 817 dum
245 766 362 816 dari
389 764 601 833 poffunt
640 776 719 815 tot
758 765 1009 815 civilibus
1044 764 1230 815 officiis
1266 783 1424 816 occu-

81 855 232 911 pato,
270 861 368 894 nec
397 859 705 911 praeparare
737 842 800 891 ab
831 843 952 892 imis
981 840 1122 893 sonis
1150 860 1334 893 vocem
1355 842 1424 892 ad

74 1017 180 1055 Flor.
211 1017 344 1068 Camp.
382 1016 547 1066 Reliqui
575 1026 686 1053 ut'—-
711 1020 778 1054 ita.
1013 1019 1114 1054 Nam
1136 1018 1336 1066 fatigatio,
1368 1030 1422 1055 ut.

76 1075 141 1110 Sic
171 1074 305 1111 Turio.
340 1071 444 1110 Flor.
460 1082 462 1088 ⁸
480 1073 616 1110 Ambr.
640 1083 676 1110 2.
712 1077 788 1119 (ex
816 1073 893 1109 hoc
915 1084 1043 1110 tamen
1072 1087 1153 1110 non
1174 1076 1333 1110 affertur
1353 1077 1422 1119 ut)

76 1130 205 1167 Guelf.
228 1129 358 1179 Camp.
381 1130 500 1166 Goth.
530 1130 628 1169 Jens.
656 1130 756 1176 (tac.
777 1130 914 1175 Gefn.)
949 1143 1038 1166 cum
1059 1131 1165 1168 Voff.
1195 1146 1227 1166 1.
1251 1140 1288 1174 5.
1321 1131 1422 1174 (nisi

76 1188 185 1236 quod
203 1187 348 1223 horum
368 1198 532 1236 uterque
546 1185 738 1235 fatigato)
769 1197 806 1224 2.
831 1198 869 1222 et
891 1187 976 1222 edd.
999 1198 1084 1223 ante
1106 1187 1216 1222 Basil.
1258 1186 1421 1236 Reliqui

77 1244 126 1279 N.
150 1252 187 1278 et
200 1242 403 1291 fatigatio.
484 1256 486 1259 ·
635 1257 710 1279 non
739 1244 800 1278 ad.
842 1244 977 1279 Turic-
997 1242 1101 1280 Flor.
1120 1243 1205 1290 (hic
1224 1258 1244 1279 a
1264 1258 1324 1294 pr.
1346 1246 1421 1290 m.)

77 1300 278 1335 omittunt.
325 1301 428 1336 Mox
441 1297 513 1348 sed
536 1300 743 1334 oratoribus
769 1299 901 1336 Turic-
920 1301 948 1334 F
951 1299 1026 1336 lor.

36 1409 41 1418 ,
164 1386 230 1412 22.
260 1376 459 1427 neceffaria
490 1379 717 1413 exercitatio.
767 1378 831 1413 Sic
866 1378 996 1412 Turic.
1027 1379 1160 1427 Camp.
1192 1392 1282 1415 cum
1313 1378 1417 1415 Alm.

74 1444 156 1470 non
178 1433 282 1469 Flor.
313 1434 386 1476 (cf.
409 1434 442 1477 ᾖ.
470 1435 560 1480 17.)
591 1432 751 1482 Reliqui
772 1434 946 1470 inserunt
974 1431 1035 1482 est.
1082 1437 1183 1471 Mox
1202 1436 1287 1485 post
1303 1438 1438 1483 genus'

76 1490 265 1533 omittunt
285 1485 335 1538 est
353 1489 487 1525 Ambr.
503 1499 540 1524 2·
564 1488 692 1524 Guelf.
714 1502 802 1524 cum
831 1489 928 1525 Obr'.
969 1493 1045 1526 Pro
1067 1505 1140 1539 qua
1162 1492 1266 1528 Flor.
1296 1493 1334 1536 (a
1355 1505 1416 1540 pr.

73 1547 156 1592 m.)
183 1547 280 1599 quiq.
510 1542 767 1593 spatiandum.
809 1545 944 1582 Ambr.
970 1555 1006 1581 2.
1041 1547 1167 1583 Guelf.
1194 1547 1416 1597 spirandum

75 1614 163 1639 cum
183 1601 301 1638 Goth.
319 1601 424 1640 VolI.
447 1610 483 1636 2.
503 1600 605 1639 Vall.
628 1602 652 1640 J
655 1602 727 1638 ens.
753 1611 791 1636 et
810 1601 894 1637 edd.
915 1602 1074 1650 postem.
1095 1615 1182 1640 ante
1202 1603 1291 1640 Ald.

186 1671 249 1693 nec
265 1671 501 1708 praeparare.
531 1658 664 1693 Turio.
681 1656 785 1694 Flor.
807 1656 892 1703 (hie
911 1671 930 1693 a
947 1672 1006 1708 pr.
1027 1660 1097 1706 m.)
1121 1661 1311 1697 omittunt
1324 1674 1416 1697 eum

74 1713 176 1751 Alm.
198 1728 234 1749 η.
253 1727 472 1763 γναφεναῑε
491 1713 626 1749 Ambr'.
648 1723 685 1750 2.
736 1715 836 1750 Cum
857 1713 952 1750 haec
973 1716 1142 1752 afuerint
1164 1717 1209 1753 ab
1229 1718 1415 1767 antiquis-

72 1770 180 1806 simis
200 1769 334 1810 libris,
366 1769 554 1805 credibile
575 1769 636 1810 est,
668 1769 822 1818 aliquid
845 1770 977 1806 datum
998 1773 1202 1820 postmodo
1227 1773 1299 1809 soli
1321 1787 1413 1810 con-

73 1828 255 1874 jecturae.
323 1826 463 1873 Neque
497 1825 600 1860 enim
631 1825 735 1860 mihi
764 1824 890 1874 placet
918 1827 1085 1862 verbum
1116 1843 1342 1876 praeparare
1368 1830 1413 1866 in

74 1882 152 1918 hoc
174 1881 283 1922 loc03
311 1894 383 1929 pro
405 1894 484 1929 quo
505 1880 642 1916 malim
664 1891 828 1929 repetere
843 1881 910 1917 vel
931 1881 1003 1918 tale
1024 1884 1131 1931 quid,
1145 1884 1251 1932 quod
1275 1886 1312 1920 ei
1332 1885 1412 1920 for-

73 1939 163 1974 talIe
182 1937 429 1986 persuadebo,
462 1938 531 1986 qui
549 1937 759 1985 inspexerit
774 1937 904 1973 locum
923 1953 943 1974 a
969 1940 1136 1975 Gesnero
1157 1941 1234 1986 jam
1251 1941 1413 1976 demon-

72 1995 229 2030 stratum
258 1995 337 2030 Cic.
368 1994 414 2028 de
435 1993 504 2029 Or.
533 2008 566 2034 1,
591 2001 655 2041 59.
714 1995 831 2029 Hunc
852 1995 1026 2043 profecto
1053 1995 1187 2032 locum
1212 2007 1298 2033 ante
1320 2010 1412 2034 ocu.-

72 2050 133 2087 los
152 2051 324 2090 habuiss'e
336 2050 520 2091 nostrum,
546 2062 636 2107 eum
654 2049 721 2086 ista
733 2049 923 2091 scriberet,
942 2065 1059 2088 nemo
1075 2052 1188 2088 iacile
1203 2053 1426 2090 dubitabit:-v

126 2206 229 2242 Nam
258 2204 444 2254 fatigatio
482 2223 538 2232 —
578 2202 712 2254 afficit.
769 2206 1040 2242 Accusativum
1064 2218 1195 2244 *autem
1219 2209 1267 2244 ad
1292 2206 1416 2258 afficit

70 2263 149 2299 Hic
167 2275 324 2311 quoque
340 2263 440 2298 Nam
460 2262 713 2311 interpretare
771 2276 820 2298 ex
836 2263 1019 2312 proximo
1037 2275 1169 2313 repete
1190 2279 1315 2301 vocem
1326 2281 1340 2306 ,·
1361 2267 1414 2302 fic

70 2318 306 2368 respiciendo
324 2319 371 2353 ad
387 2318 607 2353 sententiam
620 2331 715 2366 pau·
771 2330 940 2368 apparet,
973 2320 1069 2367 quid
1097 2320 1145 2356 [it
1174 2330 1214 2356 ut
1242 2335 1411 2372 corpora.

70 2374 112 2412 10
156 2385 242 2411 ante
288 2374 544 2431 suppreffem3
605 2375 714 2422 quod
769 2376 916 2410 Pariter
946 2385 986 2411 ut
1006 2390 1160 2426 corpora
1186 2377 1411 2427 fatigatione

23 2441 26 2443 ’
66 2430 270 2472 rectissime
308 2431 453 2472 tenuit,
502 2431 569 2466 suo
602 2443 717 2466 more.
772 2432 888 2467 etiam
927 2432 970 2467 in
1001 2432 1185 2468 futurum*
1213 2434 1410 2473 debilitari

3 2511 5 2514 ι
30 2510 40 2514 <
69 2486 382 2536 circumloquens
402 2513 413 2528 ,
485 2487 710 2535 Gedoynus‚
766 2488 992 2529 videamus,
1029 2489 1084 2524 ita
1114 2501 1151 2526 et
1178 2504 1302 2527 vocem
1323 2504 1408 2529 001·-

70 2544 164 2597 d'um
173 2543 411 2597 interponit:
436 2544 712 2591 fatigationem
766 2545 900 2594 rumpi
918 2555 1064 2582 monet.

72 2613 196 2649 cenete
214 2614 258 2636 no
278 2613 370 2649 opus
390 2601 536 2649 quidem
563 2597 614 2648 efi
626 2623 637 2639 ,
668 2614 713 2635 ea

73 2656 170 2705 est-im
189 2667 258 2693 etc.
288 2656 336 2694 cf.
359 2668 404 2706 9,
439 2663 483 2701 4,
509 2662 574 2701 34.
610 2669 652 2697 1,
674 2663 713 2700 5,
748 2694 751 2704 χ
828 2667 893 2695 22.
931 2673 996 2694 nec
1035 2673 1270 2709 praeparare.
1318 2661 1412 2699 vide

77 2709 143 2754 67.
175 2725 211 2753 ι,
239 2725 302 2755 ιι,
329 2726 390 2749 ιο.
434 2724 471 2755 2,
498 2720 534 2757 4,
563 2725 625 2762 19·
647 2723 712 2759 27.
771 2725 853 2751 not.
878 2715 966 2751 crit.
