1572 2938
536 125 997 175 PRAEFATloae·
1345 139 1434 172 wit

22 331 28 333 ‚
87 262 269 336 nibus,
295 267 714 320 Burmannianos
741 266 914 324 etiam,
942 265 1040 332 qui
1073 280 1194 314 cum
1223 279 1434 329 quaque
1483 334 1485 338 X

93 356 662 414 concordarent,libros
681 355 969 413 annotavit,
986 364 1047 403 ut
1066 351 1236 402 statim
1256 352 1343 400 hic
1358 353 1433 400 le-

93 447 226 497 ctori
262 443 647 504 consule-retum
695 444 810 493 illas
842 453 1020 492 autem
1056 442 1373 491 variationes
1403 457 1434 488 a

89 537 394 587 Burmanno
412 531 513 580 Ges
509 549 707 582 nerove
730 535 833 593 jam
845 541 1062 588 notatas,
1075 531 1206 597 quib
1214 547 1272 579 us
1287 543 1431 580 nova

84 624 234 673 nulla
264 622 542 672 auctoritas
573 621 864 679 accederet,
898 637 1236 685 quarumque
1270 617 1430 670 usum

83 710 398 777 perspiceret
411 713 644 770 nullum,
657 712 716 760 in
734 709 880 761 suam
900 725 1117 775 quoque
1129 699 1438 758 editionem*

82 816 365 865 congerere
385 799 706 849 detrectavit.
748 801 923 864 Atque
950 798 1016 846 ad
1039 797 1174 846 hanc
1199 797 1425 862 plenita-

78 896 201 944 tem,
214 904 349 952 quae
370 889 613 954 quamvis
625 887 813 936 lectori
833 886 994 936 docto
1011 887 1301 951 criticoque
1315 883 1424 935 suf-

75 971 283 1034 ficeret,
310 994 422 1025 non
453 987 627 1025 tamen
654 974 854 1025 futuris
888 974 1186 1023 editoribus
1218 982 1310 1023 aut
1339 965 1435 1023 re-³

72 1079 196 1114 rum
218 1065 559 1132 antiquarum
580 1064 978 1130 indagatoribus
993 1061 1340 1129 supervacuas
1354 1063 1420 1110 il-

68 1150 145 1200 las
168 1151 414 1202 redderet
440 1153 719 1212 editiones,
753 1153 931 1219 priora
959 1153 1116 1200 etiam
1139 1153 1419 1201 volumina

68 1237 449 1306 supplementis
466 1223 472 1232 π
489 1258 680 1307 augere
727 1241 1015 1308 aliquando
1059 1238 1414 1293 constituerat.

66 1331 208 1376 Haec
243 1329 423 1394 itaque
459 1347 606 1380 nunc
645 1328 797 1378 restat
825 1331 1131 1396 provincia,
1172 1346 1333 1394 quam
1366 1338 1418 1378 et

66 1415 232 1483 ipsam
257 1417 396 1468 mihi
419 1418 662 1467 traditam
682 1435 781 1484 ego
804 1426 922 1467 tum
946 1418 1167 1484 quidem
1201 1436 1312 1468 non
1334 1435 1418 1467 re-

62 1504 257 1564 cusavi,
290 1506 704 1556 nunc'recusare
733 1508 938 1558 invitus
974 1525 1159 1574 cogor;
1211 1508 1415 1573 quippe

61 1595 158 1661 qui
181 1598 426 1663 expertus
450 1613 595 1645 nunc
623 1596 944 1661 intelligam,
980 1606 1242 1662 quantum
1272 1596 1410 1646 mihi

58 1686 193 1732 natu·
212 1686 316 1745 jam
338 1683 613 1750 grandiori
638 1685 730 1735 ille
751 1684 901 1734 labor
918 1686 1170 1751 temporis
1191 1683 1257 1733 sit
1279 1702 1409 1735 con·

55 1770 394 1839 sumpturus,
406 1782 584 1837 neque
595 1783 771 1822 tamen
780 1775 1030 1823 omittere
1043 1792 1157 1823 mea
1169 1774 1406 1834 debeam,

53 1876 190 1926 quae
205 1862 427 1932 proprio
448 1861 641 1912 ductus
656 1860 833 1912 studio
860 1862 1073 1913 dudum
1087 1864 1225 1912 mihi
1248 1865 1307 1913 in
1322 1864 1405 1913 his

52 1949 242 2000 litteris
272 1967 373 2018 pro
405 1950 554 1999 virili
589 1952 907 2002 elaboranda
933 1950 1207 2018 proposui.
1286 1956 1405 2003 Hoc

52 2037 218 2103 igitur
247 2050 404 2109 opto,
437 2050 500 2089 ut
527 2057 591 2089 ex
625 2041 914 2103 juvenibus
946 2041 1176 2090 idoneus
1209 2041 1402 2106 aliquis

52 2123 182 2176 huic
206 2125 447 2179 succedat
469 2130 637 2194 operi,
653 2133 1000 2195 quintumque,
1017 2129 1166 2193 quod.
1182 2127 1401 2179 studiosi
1432 2148 1437 2155 ·

51 2212 227 2263 adhuc
248 2226 536 2281 expectant,
565 2217 822 2275 volumen,
856 2217 1223 2283 supplementa
1246 2227 1297 2266 et
1318 2219 1402 2266 in-

47 2300 192 2352 dices
206 2304 578 2371 complectens,
594 2304 753 2371 digna
768 2315 819 2354 et
834 2307 1169 2375 Quintiliano
1191 2306 1399 2374 et'SpaI-

47 2389 236 2457 dingio
267 2409 392 2443 cura
423 2391 679 2458 perficiat,
743 2394 1063 2454 Cuiusmodi
1095 2396 1216 2444 viro
1251 2394 1397 2462 apud
1438 2419 1448 2439 x

46 2494 131 2526 me
145 2479 348 2549 praesto
362 2479 483 2531 sunt
505 2499 568 2530 ex
582 2494 836 2549 apparatu
850 2483 1144 2550 Spaldingii
1159 2484 1398 2533 volumi-

47 2568 114 2614 na
137 2567 314 2634 aliqua
335 2569 583 2620 codicum
601 2571 909 2621 collationes
926 2573 1267 2630 continentia,
1283 2571 1395 2620 edi-

47 2648 217 2705 tiones
255 2658 487 2724 priores,
547 2658 862 2726 chartaeque
899 2662 1107 2726 aliquot
1147 2660 1366 2711 editoris
1381 2700 1394 2720 ‚
