1676 3028
247 245 311 296 94
556 235 629 280 M.
675 236 808 280 ΕΑΒ.
856 227 1266 296 QUlNTlLIANt

219 362 379 422 'quae
417 368 642 407 manent.
733 358 948 406 Sunt'et
986 359 1075 406 alii
1108 357 1386 424 scriptores
1409 359 1568 410 boni:

243 431 332 481 sed
362 450 457 482 nos
496 450 682 497 genera
712 432 1067 497 degustamus,
1103 451 1211 482 non
1231 436 1569 485 bibliothecas

158 522 235 560 105
249 506 549 556 excutimus.
627 512 866 556 Oratores
887 526 1012 557 vero
1035 509 1119 556 vel
1137 512 1412 574 praecipue
1430 511 1569 558 Lati-

201 647 205 653 !
240 599 366 631 nam
387 584 934 648 eloquentiam'parem
961 582 1128 630 facere
1142 585 1359 633 Graecae
1370 585 1566 650 possint.

240 659 380 706 Nam
442 659 726 706 Ciceronem
782 659 1078 722 cuicunque
1127 674 1313 706 eorum
1362 656 1567 709 fortiter

240 731 591 797 opposuerim.
684 734 799 780 Nec
858 734 1074 796 ignoro,
1134 744 1381 796 quantam
1429 734 1564 782 mihi

239 809 495 856 concitem
541 823 800 872 pugnam,
859 825 978 855 cum
1022 807 1321 872 praesertim
1353 800 1463 857 n'on
1505 807 1566 857 [it

235 881 294 930 id
331 881 608 947 propositi,
661 893 716 930 ut
748 899 870 930 eum
902 879 1237 950 Demostheni
1270 899 1565 949 comparem

234 958 338 1005 hoc
361 966 622 1021 tempore:
645 974 828 1022 neque
848 958 987 1004 enim
1010 959 1203 1014 attinet,
1234 975 1352 1005 cum
1366 961 1566 1007 Demo-

237 1030 473 1082 sthenem
492 1033 751 1097 imprimis
774 1032 1052 1097 legendum
1066 1069 1081 1090 ,
1119 1033 1205 1082 vei
1228 1031 1564 1083 ediscendum
1591 1030 1594 1035 ’

231 1171 334 1208 folus
359 1175 482 1213 etiam,
513 1171 606 1207 alter
627 1172 685 1207 ibi
704 1172 890 1221 relinquit
909 1173 1092 1222 priorem.
1321 1174 1412 1209 Sunt
1430 1183 1465 1210 et
1481 1174 1559 1211 alii.

231 1227 362 1263 Turio.
386 1231 424 1273 (a
447 1241 504 1276 pr.
527 1230 597 1270 m.)
630 1226 696 1276 sue
721 1237 756 1262 et
775 1230 858 1264 alie.
1089 1241 1162 1263 non
1186 1227 1430 1264 bibliothecas.
1460 1230 1559 1267 Jens.

232 1284 329 1324 (non
342 1283 493 1331 Camp.)
515 1283 661 1318 omittit
679 1296 751 1317 non
773 1296 859 1318 cum
885 1283 967 1318 edd.
992 1293 1075 1318 ante
1096 1282 1181 1318 Ald.
1195 1283 1372 1318 Correxit
1388 1283 1558 1331 Regiusz

231 1336 280 1372 cf.
309 1349 344 1383 9,
378 1347 412 1378 2,
449 1347 538 1381 103.
571 1348 607 1384 9,
638 1346 675 1380 5,
712 1348 770 1373 12.
826 1338 951 1374 Iidem
968 1351 1060 1374 mox
1082 1337 1179 1373 male
1207 1338 1459 1386 interponunt
1475 1337 1559 1387 130st

229 1405 370 1440 parem.

319 1454 408 1490 ¹⁰5·
436 1446 582 1496 poffint.
614 1447 676 1482 Sic
695 1448 826 1483 Turio.
858 1447 960 1484 Flor.
993 1449 1075 1493 (hic
1103 1462 1122 1482 a
1149 1461 1205 1496 pr.
1237 1450 1307 1491 m.)
1337 1459 1423 1482 cum
1453 1446 1555 1483 Alm.

226 1501 385 1549 Reliqui
411 1501 566 1550 poſjimt.
796 1517 929 1538 eorum.
959 1504 1088 1538 Turic.
1112 1502 1215 1538 Flor.
1253 1502 1338 1547 (hic
1360 1515 1380 1535 a
1404 1514 1462 1550 pr.
1483 1502 1558 1545 m.)

220 1555 371 1603 forum,
402 1570 489 1591 cum
512 1556 613 1592 Alm.
672 1556 743 1592 Ille
775 1556 794 1592 d
824 1559 890 1593 sec.
924 1571 973 1594 m.
1001 1557 1104 1604 foro.
1333 1569 1407 1591 non
1427 1555 1480 1605 fit
1504 1556 1553 1592 id.

228 1611 318 1646 Hoc
351 1612 486 1646 ordine
513 1611 616 1647 Flor.
658 1627 693 1647 n.
729 1614 751 1648 ι’.
777 1612 810 1661 s.
860 1613 984 1648 Guelf.
1018 1614 1147 1660 Camp.
1179 1612 1295 1648 Goth.
1332 1612 1428 1649 Jeus.
1463 1609 1556 1659 (tac.

230 1666 359 1709 Gefn.)
387 1668 501 1702 Tarv.
530 1666 690 1715 Reliqui
712 1669 734 1702 i.
757 1682 791 1703 n.
808 1665 840 1716 s
873 1680 1039 1717 quorum
1073 1678 1109 1702 et
1127 1668 1256 1702 Turio.
1275 1665 1442 1703 videtur.

977 1791 1055 1813 cum
1085 1777 1296 1826 praesertim
1325 1794 1381 1802 —-
1411 1789 1556 1823 compa-

276 1775 486 1825 scriptores.
554 1777 641 1812 Hoc
709 1790 863 1819 nomen,

921 1847 1005 1867 rem.
1062 1834 1112 1866 H.
1144 1845 1174 1866 e.
1229 1831 1384 1872 „Gratis
1418 1830 1556 1874 videor

162 1857 169 1873 1
221 1834 315 1867 ficut
354 1832 586 1879 συγγραφεῖς
622 1834 722 1880 apud
753 1835 864 1869 Grae-

221 1899 299 1927 cos,
330 1886 536 1922 historicos
566 1888 732 1923 maxime
755 1889 864 1935 figni-

220 1941 319 1977 ficat.
408 1941 683 1979 Vetustiffimos
736 1954 862 1978 autem

225 1996 422 2037 Caelium,
464 1997 674 2037 Sisennam,
715 1997 863 2045 alioqui

221 2052 291 2087 fibi
310 2062 558 2094 memoratos,
589 2051 654 2087 hic
673 2054 861 2088 recensere

221 2105 363 2143 noluin

282 2170 371 2205 105.
409 2176 534 2210 parem
557 2161 692 2209 facere.

218 2218 287 2253 nifi
309 2217 434 2257 fallor,
465 2218 635 2252 consulto
661 2219 822 2254 affumfit
842 2233 860 2254 e

216 2271 417 2308 vocabulis
433 2273 627 2307 rationum
653 2273 861 2309 subducen-

219 2327 364 2362 darum.
419 2328 476 2363 Cf.
502 2341 571 2363 nos
593 2328 635 2362 ad
660 2327 694 2366 6,
725 2337 762 2371 3,
796 2337 857 2375 93.

268 2395 400 2417 eorum.
459 2382 584 2433 lffacsse
646 2382 722 2418 hoc
790 2396 858 2430 per

212 2437 354 2484 synefin
378 2439 570 2485 promitur
603 2451 648 2473 ex
679 2451 723 2474 eo
750 2439 856 2486 quod

218 2502 296 2527 erat
333 2492 534 2532 „Latinam
567 2494 611 2528 el.
641 2506 769 2541 parem
801 2492 854 2527 fa·

214 2559 325 2587 „cere
350 2547 548 2587 Gr·aecae“,
581 2558 623 2583 ut
648 2561 740 2583 non*
755 2560 850 2596 opus

210 2603 255 2637 fit
306 2603 499 2651 corrigere
549 2616 635 2638 cum
689 2603 849 2638 Francio

211 2657 433 2693 Graecorum
473 2657 536 2702 (cf.
569 2669 616 2704 9,
659 2670 709 2699 2,
754 2657 850 2706 79.)-

208 2712 269 2747 De
283 2712 437 2761 fortiter
456 2725 493 2748 v.
517 2725 534 2746 ι
549 2738 560 2754 ,
589 2721 624 2756 5,
659 2722 722 2757 72.

760 2164 858 2204 Hoc,
877 2180 882 2193 ι

920 1889 1126 1936 „suscipere
1147 1897 1265 1921 tantas
1285 1885 1394 1924 lites,
1425 1885 1554 1933 quales

920 1953 1029 1983 „tum
1068 1942 1223 1976 demum
1263 1941 1438 1975 sustinere
1489 1953 1552 1976 co·

921 2010 1071 2044 „geren
1114 1999 1139 2031 fi
1167 1997 1405 2044 propofitum
1425 1995 1551 2043 operis

917 2051 1046 2093 „mihi
1079 2052 1186 2091 effet,
1237 2050 1341 2098 quod
1371 2063 1390 2084 a
1417 2048 1552 2086 multis

918 2106 1000 2148 „fit,
1033 2118 1074 2142 ut
1094 2107 1207 2142 Dem.
1230 2118 1315 2140 cum
1339 2105 1417 2140 Cic.
1447 2117 1550 2140 eom-

917 2170 1128 2210 „pararexm
1184 2162 1234 2195 Et
1271 2159 1422 2195 facilins
1468 2170 1550 2194 tum

917 2228 1135 2264 ,·‚poteram,
1163 2215 1272 2251 velut
1303 2215 1344 2248 in
1378 2214 1550 2262 legitima

916 2271 1238 2312 „concertatione‚
1258 2269 1459 2317 ‘impetum
1479 2269 1550 2304 ho-

916 2340 1052 2367 „rum‚
1094 2326 1161 2373 qui
1191 2325 1266 2360 hoc
1291 2335 1364 2373 pro
1395 2323 1548 2372 piaculo

915 2381 1211 2421 „abominantur
1228 2406 1238 2420 ,
1324 2377 1549 2427 repellere.“

913 2437 1016 2471 Haec
1041 2435 1198 2474 monui,
1230 2445 1273 2470 ut
1299 2433 1547 2471 satisfacerem

913 2490 1103 2532 Gesnero,
1142 2489 1296 2525 haerere
1331 2489 1366 2522 se
1401 2488 1544 2529 fatenti,

911 2546 979 2594 qui
1036 2546 1112 2582 hoc
1169 2546 1320 2580 minuat
1361 2553 1543 2590 augeatve

908 2615 1088 2649 pugnam,
1110 2603 1135 2636 fi
1157 2612 1362 2649 compares,
1379 2597 1443 2632 vel
1463 2610 1542 2634 non

910 2669 1118 2704 compares.
1185 2654 1411 2690 Genitivum
1457 2662 1545 2702 pro*-

907 2710 1017 2761 positi
1038 2712 1083 2747 cf.
1105 2711 1151 2746 ad
1171 2721 1208 2755 7.
1246 2724 1280 2748 ι.
1307 2718 1372 2753 50.
