1676 3028
300 287 399 335 484
616 278 690 323 M.
721 278 850 324 ΕΑΒ.
888 277 1300 342 QmNTIIJANl

300 419 398 468 pro
422 402 566 450 virili
587 411 728 465 parte
751 398 987 449 conferre
1014 399 1218 466 aliquia
1232 400 1305 449 ad
1316 400 1613 452 facultatem

302 477 514 526 dicendi
544 477 715 524 conati
739 474 932 532 sumus,
971 474 1182 540 pessime
1222 493 1514 527 mereamur
1546 478 1611 526 de

301 553 456 601 rebus
495 551 763 617 humanis,
800 549 843 597 si
878 552 1069 599 latroni
1115 550 1469 616 comparemus
1486 553 1614 600 haec

303 642 466 682 arma,
516 642 628 674 non
666 627 837 673 militi.
914 625 1056 694 Quid
1095 623 1352 675 de·nobi's
1376 626 1613 690 loquor?

299 705 498 750 Rerum
537 699 645 765 ipsa
669 711 852 750 natura
872 702 931 750 in
955 718 1036 759 eo,
1070 694 1217 767 quod
1238 701 1516 768 praecipue
1534 704 1615 750 ina

297 843 341 878 hi
374 841 453 891 ipsa
483 852 519 877 et
537 842 723 877 continuo
747 843 854 891 quae)
884 841 1017 878 Ambr.
1043 853 1078 878 2.
1101 842 1227 879 Guelf.
1249 843 1346 879 Exn«
1357 843 1465 885 eant.
1486 841 1617 890 Camp.

301 911 389 933 cum
430 897 545 932 Goth.
579 898 678 934 Voff.
713 911 745 932 1.
782 909 817 933 2.
849 906 885 940 5.
925 908 961 932 et
993 897 1076 933 edd.
1108 909 1192 934 ante
1220 886 1385 947 Gryplh
1412 897 1487 932 Ex
1515 895 1618 934 Alm.

300 967 368 989 nos
398 966 538 1001 quoque
569 966 592 986 1-
622 952 764 1000 reliqlll
785 952 854 1001 sed
882 966 947 988 nos
979 966 1118 1003 quoque
1148 968 1170 989 1.
1187 951 1435 1003 Praeponera
1455 951 1618 1015 ratione.

301 1022 377 1058 qua
413 1009 521 1046 suum
560 1008 739 1042 damnum
769 1008 890 1054 majus
923 1007 1163 1056 eloquentiae
1192 1008 1442 1045 incommodo
1469 989 1617 1056 fign‘ifi-

291 1064 380 1104 ται,
434 1073 471 1098 et
509 1076 603 1098 mox
643 1073 767 1099 tamen
807 1077 824 1097 a
862 1065 922 1097 sua
950 1064 1125 1111 persona,
1156 1077 1237 1112 per-
1251 1063 1416 1110 figuram
1448 1061 1616 1108 aliquam

295 1118 523 1158 modestiae,
569 1117 614 1152 ad
653 1129 824 1152 naturam
863 1119 977 1165 ipsam
1021 1119 1182 1155 1ecedat.
1240 1118 1371 1154 Nimia
1401 1106 1472 1153 [iffi
1498 1114 1615 1151 licere

298 1185 403 1209 ratus
433 1173 499 1214 est,
538 1173 606 1220 qui
636 1172 727 1207 haec
755 1173 942 1214 mutavit,

984 1183 1026 1208 ut
1045 1173 1114 1223 sed
1152 1186 1290 1222 quoque
1318 1171 1522 1208 undeunde
1553 1183 1615 1206 ex-

297 1225 485 1265 tunderet.
546 1230 588 1263 In
618 1238 760 1262 mutata
792 1239 917 1263 autem
948 1242 1006 1270 ea,
1055 1242 1150 1276 quae
1179 1227 1303 1262 adhuc
1333 1227 1503 1263 obtinuit
1531 1225 1616 1260 scri-

296 1293 410 1332 ptura
438 1284 480 1318 id
512 1296 667 1331 quoque
698 1283 933 1324 notandum,

616 1350 712 1385 quae
751 1351 819 1386 per
858 1351 930 1383 norg
965 1347 1105 1372 tantum
1132 1347 1170 1372 et
1191 1335 1470 1385 sed—quoquo
1497 1347 1619 1384 oppo-

718 1407 784 1439 pro
816 1394 881 1427 uili
912 1394 977 1428 uili
1008 1386 1112 1439 parte
1142 1393 1270 1427 Turio.
1299 1404 1366 1440 pro
1396 1390 1464 1427 uili
1487 1393 1559 1426 utri
1576 1404 1614 1438 p.

297 1351 384 1374 rum
415 1352 545 1373 rerum
564 1364 573 1378 ‚

298 1406 444 1429 nuntui·
476 1394 659 1428 invicem.

295 1450 326 1483 F
328 1448 400 1484 lor.

677 1462 940 1494 conlpararllus.

986 1283 1092 1330 quod
1120 1279 1227 1318 nulla
1258 1282 1307 1316 est
1336 1281 1530 1317 diversitas
1560 1293 1618 1315 ea-

1003 1448 1064 1482 Sic
1105 1447 1235 1483 Turic.
1273 1446 1374 1482 Flor.
1414 1445 1546 1483 Ambr-
1577 1455 1614 1480 2.

297 1503 424 1538 Guelf.
460 1504 590 1549 Camp.
627 1516 870 1549 comparemus
900 1503 1054 1549 reliqui.
1087 1516 1160 1536 non
1191 1502 1296 1536 multi
1318 1503 1431 1536 Bern.
1453 1499 1617 1537 viciffim

295 1571 390 1592 mox
420 1558 451 1600 §.
485 1558 519 1592 6.
556 1558 714 1591 militum
743 1569 814 1604 pro
850 1558 999 1591 multum
1031 1558 1160 1603 Camp.

382 1621 418 1648 2.
455 1607 607 1662 'quidem
639 1612 685 1646 de
712 1614 825 1647 Bern.
858 1613 986 1661 loquar
1014 1612 1117 1647 flor.
1151 1611 1247 1658 quod
1274 1612 1468 1659 praecipue
1489 1629 1544 1638 --
1565 1612 1617 1646 vi-

295 1725 410 1761 quam
432 1711 498 1745 hic
510 1721 715 1758 comparet.
772 1713 929 1745 Senten-

294 1769 348 1803 tia
367 1779 410 1802 eo
432 1766 552 1804 redit,
584 1779 665 1800 non·
684 1775 830 1800 tantum
851 1764 929 1799 elo-

295 1821 491 1870 quentiam
516 1833 744 1867 omnemque
768 1821 848 1866 ejus
866 1833 929 1854 au·

294 1877 438 1923 gendae
459 1886 495 1911 et
525 1876 792 1924 provehendae
823 1874 928 1910 labo-

294 1945 378 1981 rem
407 1932 449 1966 in
483 1931 661 1966 damnum
695 1931 826 1965 cedere
857 1930 928 1964 hu·

293 1987 400 2021 mani
413 1987 574 2034 generis,
591 1986 618 2020 si
628 1985 706 2020 viri
724 1985 817 2019 mali
831 1985 926 2019 fiant

294 2052 464 2077 oratores
478 2055 487 2082 ;
518 2042 578 2076 sed
593 2041 699 2076 vocis
710 2041 827 2088 ipsius
841 2053 925 2074 mu·

272 2090 366 2132 snus
389 2110 407 2131 a
434 2107 565 2132 natura
587 2096 813 2131 hominibus
836 2108 925 2130 con·

293 2152 433 2192 celsum
452 2151 502 2186 sic
522 2151 696 2186 converti
721 2150 764 2185 in
789 2163 925 2185 eorun-

293 2206 382 2241 dem
426 2207 636 2254 perniciem
674 2216 710 2240 et
746 2218 921 2254 poenam.

293 2262 442 2297 Gradus
466 2262 515 2296 est
533 2262 578 2297 ab
601 2272 678 2296 arte
697 2271 856 2296 nocente
879 2261 924 2294 ad

290 2326 463 2351 naturam
480 2329 696 2352 novercam.
730 2318 826 2356 Jam,
850 2327 922 2363 pro

291 2370 363 2406 illo
413 2372 519 2419 quod
569 2371 832 2419 expectabatur
854 2370 923 2418 sed

291 2428 412 2466 etiam.
443 2439 583 2474 magno
606 2439 694 2461 cum
707 2427 843 2461 affectu
862 2426 921 2460 in-

292 2481 460 2540 terjecit:
507 2453 622 2532 ¹:baini
657 2482 702 2516 de
733 2481 838 2516 nobis
867 2481 921 2515 lo-

290 2539 409 2582 quor?
464 2535 666 2584 Eleganter
705 2546 831 2571 autern
867 2538 920 2569 ἰη-

280 2587 456 2636 struxerit
483 2591 630 2627 dictum
659 2590 706 2626 est
731 2591 841 2639 quasi
861 2605 918 2626 m·

288 2648 461 2686 maverit,
490 2647 551 2681 sed
578 2645 724 2686 levius,
763 2657 805 2681 ut
834 2646 917 2693 pos-

985 1710 1051 1746 bet
1079 1711 1160 1744 sane
1192 1710 1236 1744 Id
1270 1709 1435 1758 aliquam
1457 1708 1613 1745 structu·

986 1778 1048 1799 rae
1078 1763 1330 1804 insolentiam,
1357 1777 1430 1812 qua
1449 1774 1492 1798 ut
1514 1763 1615 1800 leva-

986 1830 1131 1858 rentur,
1160 1818 1309 1867 aliquot
1338 1819 1501 1854 editores
1522 1820 1617 1854 omi-

985 1875 1122 1913 serunt,
1142 1874 1223 1909 satis
1240 1874 1378 1909 leviter
1396 1873 1468 1908 illi.
1498 1875 1618 1922 Equi-

985 1930 1070 1964 dem
1084 1941 1296 1977 pronomen
1307 1929 1431 1964 refero
1451 1929 1497 1964 ad
1507 1942 1611 1977 prae-

982 1995 1134 2031 ceptum
1163 1985 1282 2020 modo
1308 1985 1460 2022 datum,
1490 1995 1534 2020 ut
1555 1987 1611 2019 vir

982 2040 1096 2074 bonus
1127 2040 1171 2075 sit
1207 2050 1358 2079 orator,
1394 2052 1464 2075 nec
1498 2039 1610 2087 quid-

982 2107 1095 2142 quam
1150 2094 1328 2142 intelligo
1378 2095 1453 2129 nisi
1507 2094 1610 2130 illud.

980 2150 1100 2197 ipsum
1115 2150 1182 2198 sit,
1197 2149 1480 2186 nominativum
1493 2162 1609 2198 agno·

981 2206 1081 2240 scens
1122 2206 1164 2239 in
1193 2204 1382 2241 vocabulo
1414 2205 1478 2246 Id,
1530 2217 1610 2240 non

981 2260 1244 2300 accusativum,
1268 2260 1370 2308 quasi
1387 2259 1608 2295 subaudiend

982 2315 1031 2349 do
1050 2317 1246 2362 praecipio,
1277 2316 1376 2354 dico,
1408 2327 1503 2362 quae
1528 2314 1608 2349 for-

981 2371 1065 2405 tasse
1083 2369 1222 2416 aliquis
1245 2370 1394 2418 probet.
1429 2369 1503 2418 §ed
1519 2369 1606 2404 sim-

977 2424 1176 2472 plicissima
1221 2425 1320 2460 ratio
1368 2424 1434 2463 est,
1481 2434 1524 2459 ut
1551 2423 1606 2458 ita.

977 2479 1069 2514 haec
1091 2479 1295 2526 cogitando
1327 2478 1608 2515 continuaverit

977 2522 1121 2570 nosier:
1153 2534 1244 2574 „vir
1261 2534 1383 2570 bonus
1402 2534 1446 2568 sit
1465 2543 1605 2573 orator,

974 2590 1123 2638 „sitque
1151 2589 1192 2623 id
1215 2589 1260 2633 (i.
1284 2587 1388 2635 talis)
1417 2601 1494 2624 non
1514 2600 1603 2635 pro-

972 2655 1126 2692 „pterea
1147 2643 1278 2682 solum,
1298 2643 1390 2679 sed“-
1406 2653 1476 2680 cet.
1492 2642 1601 2686 [Vid-

284 2699 337 2746 set
364 2712 457 2734 mox
487 2702 680 2748 insu1gere
713 2701 836 2736 oratio
867 2701 916 2734 iis
971 2692 1086 2741 Add]

827 2756 912 2798 Ha·

283 2766 386 2806 quae
397 2766 658 2792 memorantur
681 2769 757 2792 arni
763 2769 802 2794 15
