1676 3028
301 269 400 326 426

606 270 679 316 M.
713 270 845 316 ΕΑΒ.
882 269 1286 330 QUINT1L1AN1
1313 279 1316 282 ⁴

301 390 432 456 quid
461 389 583 457 ipsis
618 392 837 457 placuit,
875 392 932 440 in
960 409 1160 457 ungues
1179 396 1472 460 eriguntur:
1510 396 1602 447 sed

298 466 547 516 vitiosum
585 466 641 514 id
683 465 907 524 faciunt,
968 478 1056 516 aut
1099 467 1301 532 digito,
1343 481 1597 535 quantum

299 543 591 608 plurimum
613 538 834 605 poss'unt,
868 553 1051 600 erecto,
1091 553 1179 591 aut
1199 545 1348 593 etiam
1371 546 1597 609 duobus,

300 627 390 664 aut
419 627 640 680 utraque
658 634 818 666 manu
848 617 912 665 ad
935 618 1152 666 modum
1173 619 1371 683 aliquid
1391 619 1599 685 portanss·

225 711 290 740 ιρι
303 693 438 739 tium
466 689 759 756 composita.

835 694 930 741 His
957 692 1204 742 accedunt
1235 695 1359 742 vitia
1380 712 1488 744 non
1511 713 1598 744 na-

298 775 457 824 turae,
491 765 581 814 sed
601 767 979 833 trepidationis,
1008 784 1127 816 cum
1152 785 1240 817 ore
1265 781 1598 819 concurrente

296 842 454 892 rixari
466 859 479 899 ;
511 840 554 889 fi
570 843 821 891 memoria
839 841 1099 900 fefellerit,
1120 853 1209 892 aut
1229 845 1470 909 cogitatio
1488 862 1598 894 non

296 914 628 981 suffragetur,
678 915 821 982 quasi
847 917 1083 967 faucibus
1114 919 1313 983 aliquid
1350 919 1600 968 obstiterit

293 991 557 1050 insona1·e;
595 993 653 1040 in
685 992 954 1042 adversum
986 999 1182 1057 tergere
1212 1011 1357 1048 nares
1367 1012 1381 1052 3
1423 996 1601 1043 obam-

294 1067 474 1116 bulare
510 1067 746 1117 sermone
783 1067 1085 1133 imperfecto
1094 1086 1108 1126 ;
1167 1068 1392 1117 resistere
1423 1068 1596 1118 subito

287 1229 380 1254 ‘eum
419 1218 517 1255 Alm.

771 1229 944 1268 quantum
971 1220 1175 1266 plurimum.
1231 1221 1293 1255 Sic
1328 1221 1458 1256 Turio.
1493 1220 1596 1256 Flor-

293 1273 417 1309 Guelf.
442 1276 571 1323 Camp.
591 1287 676 1310 cum
691 1272 790 1309 Alm.
819 1275 976 1322 Reliqui
997 1284 1131 1323 quanto
1149 1275 1201 1321 pl.
1239 1276 1336 1309 Mox
1355 1284 1448 1310 recte
1465 1275 1594 1310 Turio.

289 1328 391 1387 Flor.
413 1342 500 1364 cum
520 1329 619 1366 Alm.
640 1331 732 1365 item
751 1339 867 1365 autem
888 1330 1027 1364 duobus
1046 1330 1172 1363 Turic.
1190 1330 1410 1378 portandum
1429 1330 1559 1378 Camp-

377 1418 468 1442 121.
498 1408 679 1445 accedunt.
710 1407 839 1442 Turic.
855 1405 954 1441 Flor.
972 1408 1102 1455 Camp.
1126 1406 1302 1441 accidunt.
1346 1407 1444 1442 Mox
1468 1415 1599 1443 natura

289 1463 420 1499 Turio.
439 1462 541 1498 Flor.
565 1464 693 1510 Camp.
710 1463 961 1510 ,trepidatione
982 1462 1110 1508 Camp.
1131 1475 1207 1497 cum
1226 1474 1324 1496 more
1342 1462 1469 1496 Turic.
1491 1462 1596 1497 Flora

286 1519 420 1554 Ambr.
451 1528 485 1553 2.
520 1519 650 1565 Camp.
683 1521 879 1552 incurrente
911 1517 1036 1562 Camp.
1060 1515 1129 1563 sed
1162 1517 1332 1550 memoria
1360 1515 1476 1550 Goth.
1503 1518 1591 1560 (tac.

287 1574 428 1619 Gesn.).
464 1574 635 1620 cognatm
663 1571 764 1607 Flor.
795 1584 868 1605 non
901 1569 1086 1619 adversum
1116 1570 1240 1606 Guelf.
1271 1571 1443 1620 quoniam
1471 1572 1594 1606 omnia

285 1628 418 1665 Ambr.
440 1639 476 1663 2.
496 1627 622 1664 Guelf.
653 1629 803 1677 cuiquae
819 1625 951 1661 Ambr.
971 1635 1008 1663 2.

287 1751 426 1802 dimus,
463 1772 508 1798 ut
532 1763 707 1797 Prooem.
747 1771 816 1796 tot.
848 1773 910 1808 op.

285 1827 379 1853 extr.
405 1825 443 1860 5,
467 1824 503 1861 8,
527 1823 562 1859 5.
607 1826 641 1858 7,
662 1823 698 1860 4,
721 1826 757 1859 7.
787 1827 822 1863 9.
850 1825 910 1858 15.

286 1886 325 1921 9,
355 1879 393 1919 4,
428 1881 516 1915 ι57.
573 1871 724 1908 Gestum
753 1870 914 1913 eundem

287 1928 518 1964 demonstrat
536 1938 573 1967 2,
589 1937 625 1971 5,
651 1934 688 1971 8.

346 1993 434 2018 122.
467 1997 547 2018 cum
577 1983 832 2018 ore—rixari.
866 1981 912 2017 cf.

283 2040 317 2084 §.
341 2038 404 2081 56.
443 2040 539 2073 Sunt
567 2038 613 2072 hi
639 2048 813 2076 conatus,
853 2037 914 2071 sed

282 2094 398 2133 irriti,
408 2093 591 2129 vincendi
602 2092 789 2140 infantem,
799 2105 912 2140 quem

282 2148 468 2184 Horatius
496 2148 659 2197 appellat
679 2149 779 2191 (Sat.
810 2160 842 2188 1,
876 2147 911 2187 6,

285 2205 381 2247 57.)‚
411 2204 598 2252 pudorem.
654 2205 754 2239 Cave
787 2213 911 2237 autem

281 2260 426 2294 sensum
448 2273 467 2293 a
492 2257 680 2306 voculasi
700 2258 911 2292 ordientem

282 2327 370 2349 cum
392 2314 467 2349 hoc
488 2314 694 2361 conjungas
707 2326 718 2352 ;
746 2313 913 2360 pertinet

249 2380 253 2382 ·
281 2369 327 2404 ad
358 2368 543 2416 insonare,
574 2368 679 2416 quod
699 2369 821 2403 tenuit
841 2368 912 2402 Ge·

281 2425 444 2471 doynus,
473 2423 619 2471 reliqui
636 2435 715 2457 non
731 2422 911 2457 videntur

280 2479 497 2521 attendiffe;
533 2480 691 2527 Capper.
714 2476 909 2512 manifesto

282 2534 464 2570 turbavit.
895 2531 900 2535 ’

270 2611 275 2614 »
338 2591 375 2624 in
405 2587 783 2637 adversum—nares.
823 2589 909 2623 Hoc

280 2644 377 2692 quid
411 2645 518 2684 ess'et,
565 2655 678 2678 nemo
711 2643 906 2692 quaesivit,

279 2697 421 2733 scilicet
456 2700 540 2734 satis
576 2711 645 2746 per
681 2699 715 2733 se
750 2698 909 2733 manife-

279 2752 397 2794 stum;
429 2754 608 2802 equidem
627 2753 908 2801 interpretatio-

969 1771 1057 1794 nem
1074 1759 1244 1808 requiro.
1273 1770 1310 1795 et
1328 1759 1480 1794 interim
1493 1757 1595 1794 nihil

971 1813 1074 1849 aliud
1148 1815 1356 1863 significari
1418 1814 1594 1861 suspicor,

971 1882 1083 1916 quam
1119 1871 1224 1917 quod
1261 1870 1431 1905 vidimus
1468 1869 1498 1913 §.
1528 1875 1597 1912 80.

970 1938 1072 1959 nares
1091 1927 1274 1972 -plana
1316 1939 1423 1959 manu
1462 1923 1595 1971 resupi-

970 1993 1068 2016 nare.
1129 1978 1241 2027 Quod
1263 1981 1362 2015 enim
1388 1979 1594 2025 Gedoynus

969 2036 1072 2070 muci
1098 2036 1258 2071 tollendi
1282 2035 1441 2070 modum
1460 2046 1594 2082 parum

971 2092 1160 2126 decentem
1180 2090 1374 2138 intelligit,
1393 2088 1484 2123 hinc
1506 2087 1594 2125 alie·

968 2159 1059 2181 num
1087 2146 1262 2186 videtum
1294 2156 1330 2180 et
1353 2144 1403 2179 est
1433 2144 1512 2189 ejus
1535 2141 1595 2177 rei

967 2201 1130 2236 verbum
1161 2201 1362 2249 proprium
1393 2211 1593 2245 emungere·

968 2258 1014 2290 In
1048 2255 1211 2305 aversum
1244 2254 1384 2302 tergeri
1411 2253 1609 2289 videntur-

968 2323 1085 2350 nares‚
1097 2324 1182 2346 eum
1201 2309 1465 2346 demulcentur
1475 2318 1591 2342 manu

967 2367 1065 2402 intra
1078 2375 1256 2414 vergente
1275 2375 1312 2400 et
1329 2362 1588 2400 descendente;

967 2421 1008 2455 in
1037 2421 1245 2469 adversum,
1277 2432 1363 2454 cum
1398 2415 1526 2452 eadem
1553 2424 1591 2450 et

967 2477 1085 2524 surgit
1115 2487 1151 2511 et
1171 2486 1272 2511 extra
1292 2469 1423 2510 tendit.
1444 2469 1590 2518 'Neque

966 2530 1060 2566 huic
1097 2526 1402 2578 interpretationi
1439 2525 1589 2560 officere

967 2587 1101 2626 credo,
1130 2585 1234 2633 quod
1259 2583 1389 2630 aliquo
1420 2580 1588 2615 recidere

967 2639 1263 2689 deprehenditur
1291 2636 1435 2676 noster,
1484 2633 1588 2683 quod

963 2697 1039 2742 jam
1059 2696 1242 2743 tetigerat.

1019 2749 1187 2798 resistere.
1218 2749 1264 2785 cf.
1290 2761 1354 2790 ιι,
1377 2755 1412 2786 2,
1433 2743 1498 2789 46.
