1696 3016
281 215 343 273 56
420 251 423 254 .
577 214 651 260 Μ.
699 214 832 259 FAB.
883 194 1290 274 QmN‘l‘thAm

213 358 263 397 42
289 340 712 406 experimentum.
763 336 862 386 Sed
885 353 993 384 non
1014 335 1283 400 quidquid*
1297 333 1360 383 ad
1379 334 1606 400 aliquam
1617 351 1692 392 89⁰

284 426 483 482 partem
510 413 748 461 scientiae
776 413 1028 478 pertinet,
1067 412 1307 475 protinus
1332 411 1396 458 ad
1416 410 1609 478 facien-

287 491 408 540 dam
440 491 593 537 etiam
621 486 835 553 φράσιν,
865 487 928 534 de
952 503 1053 549 qua
1077 487 1373 549 loquimur4
1411 501 1610 533 accom-

287 564 574 616 modatum.
653 565 845 610 Verum
879 572 1154 625 antequam
1193 560 1257 608 de
1289 559 1500 626 lingulis
1530 560 1610 608 lo·

291 649 444 705 quar,
495 654 657 703 pauca
694 638 750 684 in
785 635 1088 685 universum
1126 635 1190 682 de
1220 637 1462 684 varietate
1496 635 1610 699 opi·
1666 667 1672 675 ι

176 772 179 778 ³
220 732 270 771 45
294 717 519 764 nionum
564 711 782 760 dicenda
825 710 957 760 sunt.
1045 712 1183 758 Nam
1231 709 1441 774 quidam
1471 708 1607 758 solos

290 801 498 840 veteres.
522 786 769 851 legendos
801 796 1007 850 putant,
1045 802 1216 849 neque
1248 787 1305 833 in
1337 785 1462 832 ullis
1498 784 1611 836 aliis

291 863 388 913 effe
429 862 717 911 naturalem
755 862 1130 925 eloquentiam,
1188 870 1238 908 et
1280 860 1444 908 robur
1483 859 1612 915 viris
1661 921 1665 923 μ

292 940 540 1004 dignum,
579 937 913 984 arbitrantur:
954 937 1082 983 alios
1112 952 1288 983 recens
1326 935 1452 982 haec
1471 933 1614 981 lasci-

292 1017 406 1071 via,
465 1013 807 1075 deliciaeque,
865 1021 915 1058 et
958 1012 1132 1059 omnia
1172 1009 1237 1058 ad
1279 1006 1614 1073 >voluptatem

292 1088 651 1137 multitudinis
692 1088 959 1151 imperitae
991 1084 1293 1150 composita,
1345 1084 1612 1132 delectant.

222 1182 272 1219 44
296 1163 557 1230 Ipsorum*
580 1163 762 1219 etiam,
820 1163 914 1225 qui
952 1171 1153 1227 rectuni
1201 1159 1613 1224 dicendigenus

386 1319 447 1356 42.
470 1311 647 1360 scientiae
679 1314 849 1360 pertinet.
907 1310 1013 1349 Voffi
1036 1320 1071 1345 2.
1096 1309 1299 1359 sententiae
1316 1323 1355 1358 p.
1413 1308 1527 1344 Goth.
1557 1306 1616 1343 nil

297 1369 402 1406 aliud
431 1367 498 1402 uisi
521 1369 665 1414 omitqit
683 1370 841 1415 pertinet
860 1368 934 1412 (cf.
955 1370 987 1412 §.
1012 1373 1075 1410 41.
1096 1367 1188 1400 item
1210 1368 1305 1408 74).
1472 1361 1615 1412 Φρᾶαιν.

298 1423 436 1460 Multis
468 1423 593 1457 modis
615 1423 839 1470 inquinatur
860 1423 935 1456 hoc
955 1421 1187 1456 vocabulum
1206 1420 1248 1453 in
1266 1419 1398 1461 libris,
1428 1433 1552 1467 neque
1574 1417 1618 1453 in.

299 1479 396 1515 meis
443 1488 525 1512 ante
566 1479 680 1512 Tarv.
723 1478 1014 1524 incorruptum·
1040 1485 1203 1523 apparet.
1276 1475 1452 1523 Suspicor
1489 1485 1616 1509 autem

300 1534 411 1570 fuiss'e
432 1531 510 1578 fac.
542 1540 587 1567 et.
617 1533 666 1567 ad
695 1535 758 1579 Φρ.
799 1545 883 1566 cum
912 1532 954 1565 in
981 1531 1111 1566 Turio.
1147 1531 1190 1564 fit
1209 1523 1396 1579 adfarffln,
1426 1542 1445 1563 a
1473 1529 1541 1564 sec.
1564 1541 1618 1562 m·

302 1587 484 1637 affarefin.
629 1591 631 1594 ⁴
702 1587 1020 1622 accommodatum.
1083 1586 1223 1620 Verum.
1284 1585 1346 1619 Sic
1366 1584 1496 1620 Turic.
1515 1583 1618 1619 Flor-

303 1642 429 1680 Guelf.
461 1642 591 1689 Camp.
622 1654 709 1676 cum
732 1641 846 1676 Goth.
869 1642 969 1679 Voss'.
994 1652 1028 1676 2.
1054 1651 1091 1675 et
1111 1641 1193 1676 cdd.
1213 1651 1296 1675 ante
1318 1639 1424 1675 Bafil.
1463 1638 1619 1686 Reliqui

301 1699 470 1734 inserunt
497 1694 557 1743 est.
771 1697 911 1743 loquar.
971 1696 1064 1731 Obr.
1099 1695 1244 1730 omittit
1271 1693 1401 1734 nullo,
1437 1704 1619 1741 quantum

302 1753 440 1791 video,
470 1762 621 1786 auctore
659 1753 770 1795 (nam
802 1752 1063 1791 iterationem,
1103 1751 1316 1797 loquimur,-
1339 1750 1489 1798 loquar,
1520 1749 1620 1784 ferre

304 1807 562 1849 didicimus);
590 1806 651 1841 sed
677 1818 714 1841 et
733 1820 826 1842 mox
845 1810 877 1852 ᾖ.
901 1813 964 1850 45.
993 1807 1222 1841 arbitrantur.

392 1890 454 1927 45.
483 1882 642 1931 lascivia.
701 1884 830 1918 Turic·
863 1887 909 1927 (a
937 1896 995 1930 pr.
1024 1883 1103 1924 m.)
1132 1882 1187 1916 las
1216 1884 1312 1930 quia.
1370 1881 1470 1917 Flor.
1503 1882 1540 1925 (a
1561 1893 1619 1929 pr.

305 1941 383 1982 m.)
408 1943 494 1987 quia
512 1939 577 1983 (cf.
598 1938 644 1972 ad
664 1950 834 1986 prooem.
857 1938 945 1974 Vol.
971 1947 1006 1979 3.
1035 1951 1072 1984 p.
1095 1939 1160 1972 IV.
1173 1939 1202 1979 ).
1387 1937 1620 1985 deliciaeque.

307 1996 438 2029 Turio.
456 1994 557 2029 Flor.
588 1994 788 2040 delio-inque
815 2005 900 2027 cum
925 1992 1040 2027 Goth.
1065 1993 1166 2027 Voss.
1193 2002 1227 2026 2.
1257 1991 1356 2028 Vall.
1377 2001 1414 2026 et
1433 1991 1514 2026 edd.
1536 2001 1622 2026 anto

307 2049 414 2085 Bam.
436 2062 514 2084 exc.
532 2049 660 2096 Camp.
685 2047 855 2082 consulto
881 2048 992 2082 etiam
1015 2048 1189 2095 pofitum,
1209 2047 1412 2094 suspicante
1432 2046 1563 2081 Badio.

395 2122 457 2159 44.
496 2113 668 2162 Ipsorum.
727 2114 854 2148 Turic.
886 2113 986 2147 Flor.
1020 2112 1096 2160 ipso
1130 2126 1215 2146 cum
1244 2112 1343 2149 Alm.
1403 2113 1476 2148 Sed
1496 2111 1620 2148 Guelf-

309 2172 439 2220 camp.
469 2169 568 2219 ipsos
598 2181 685 2203 cum
716 2167 830 2204 Goth.
863 2168 964 2208 Voss‘.
994 2177 1030 2203 2.
1072 2178 1108 2202 et
1131 2168 1213 2203 edd.
1240 2178 1323 2203 ante
1342 2167 1428 2203 Ald.
1466 2162 1623 2216 Reliqui

369 2305 431 2342 42.
461 2294 605 2344 φράσιν.
645 2304 690 2342 8,
721 2311 760 2338 ι,
798 2313 832 2334 1.
878 2298 943 2334 hic
1053 2304 1119 2344 43.
1150 2310 1268 2335 recens
1287 2298 1372 2332 haec
1388 2294 1623 2346 Iafiivia.·cf.

311 2359 423 2402 §.87.
445 2353 667 2387 add-Senec.
689 2364 834 2401 patnp.
853 2360 942 2398 198.
1000 2364 1034 2392 2,
1059 2361 1092 2395 5,
1117 2363 1177 2387 22.
1206 2353 1354 2386 delicias
1371 2353 1460 2387 vide
1484 2366 1516 2391 ι,
1538 2358 1572 2396 8,
1587 2364 1623 2399 9.

313 2409 383 2444 ubi
403 2406 612 2455 opponitur
630 2408 714 2443 lexi.
763 2410 857 2443 Item
881 2409 941 2444 JO.
997 2407 1194 2455 Improbat
1226 2417 1349 2441 autem
1388 2408 1459 2453 Qu.
1492 2418 1529 2442 et
1557 2409 1625 2454 qui

314 2462 499 2509 Chrysoft.
533 2470 567 2503 4.
600 2462 678 2509 περὶ
705 2460 886 2510 ἱερωσύνης
907 2472 944 2496 et
998 2462 1044 2496 ad
1081 2474 1193 2496 unam
1237 2471 1392 2498 aetatem
1422 2463 1496 2498 five
1527 2462 1623 2497 anti-

313 2517 556 2553 Schaeferum
575 2515 617 2549 in
637 2517 763 2552 indice
776 2518 942 2563 subjecto
999 2517 1173 2565 quiorem
1223 2517 1296 2551 five
1347 2527 1536 2552 recentem
1587 2517 1624 2552 so

312 2571 448 2608 libello
468 2570 646 2616 Dionysii
668 2572 713 2606 de
731 2573 868 2620 Comp.
888 2590 941 2598 -
997 2572 1221 2619 astringunt,
1273 2581 1308 2606 et
1345 2583 1442 2618 quos
1477 2571 1625 2607 nonnifi

312 2628 373 2662 De
397 2625 571 2674 faciendo
598 2625 677 2660 vid.
701 2639 762 2666 10,
788 2635 823 2670 5,
847 2635 882 2670 5.
995 2640 1114 2662 unum
1135 2639 1181 2660 ex
1202 2625 1323 2661 tribue
1345 2625 1496 2661 dicendi
1512 2639 1623 2673 gene-

993 2681 1100 2716 ribus
1138 2681 1200 2725 (ef.
1224 2691 1259 2721 2,
1286 2690 1345 2725 27,
1370 2681 1426 2724 3.)
1452 2679 1621 2728 delectat.
