1676 3028
328 254 425 297 232
575 267 602 290 „
641 241 887 289 MEAE.
923 241 1362 302 QmNnLMNi·

327 367 470 414 enim
490 381 631 413 nunc
651 364 1016 421 declamamus‚
1038 363 1127 412 sed
1146 365 1482 427 ostendimus,
1500 387 1634 423 non·

234 490 240 496 ,
326 457 599 504 nunquam
647 437 786 502 poffe
827 438 1084 487 dicentem
1123 441 1245 506 ipfis
1286 445 1632 495 incommodis

253 523 305 564 84
326 517 456 566 bene
476 517 573 564 uti.,
614 515 742 562 .Illic
761 518 925 574 major
944 513 1119 572 aestus,
1138 516 1233 567 ubi
1251 520 1368 582 quis
1387 519 1633 584 pudenda

326 592 586 657 queritur,
624 599 685 641 ut
712 588 964 653 stuprum,
1001 591 1276 656 praecipue
1307 594 1365 641 in
1389 595 1632 653 maribus,

325 677 415 715 aut
445 682 501 714 os
531 663 876 729 profanatum.
949 667 1076 714 Non
1110 665 1256 724 dico,
1306 665 1349 715 si
1386 669 1633 733 loqua‘tur

321 740 455 808 ipse:
495 755 617 788 nam
636 739 768 803 quid
789 740 935 795 aliud
956 741 1019 798 ei,
1052 757 1208 805 quam
1229 744 1450 806 gemitus
1470 760 1525 791 ac
1541 743 1633 792 fle·
1660 791 1662 794 ,

297 827 429 873 -tus,
477 825 528 863 et
567 816 818 864 execratio
858 817 994 864 vitae
1028 818 1336 872 conveniat?
1381 830 1442 873 ut
1474 819 1633 880 judex
1667 815 1676 831 ⁶

318 891 577 955 intelligat
595 892 771 955 potius
793 889 1028 940 dolorem
1050 892 1220 950 iHum,
1249 910 1405 958 quam
1432 894 1630 944 audiat:

317 966 408 1014 sed.
434 977 654 1030 patrono
683 982 896 1030 quoque
923 984 1017 1032 per
1044 966 1234 1017 similes
1262 965 1473 1018 affectus
1501 986 1631 1019 eun-

320 1042 450 1091 dum
479 1043 602 1099 erit,
650 1043 773 1104 quia
800 1041 902 1110 hoo
931 1043 1150 1103 injuriae
1179 1060 1344 1108 genus
1378 1061 1630 1093 verecun-

245 1135 296 1174 85
323 1117 445 1167 dius
474 1115 605 1166 inest
636 1116 800 1182 paffis,
819 1134 993 1182 ‹quam
1016 1115 1161 1167 aufis.'
1185 1159 1194 1169 ,
1239 1118 1531 1168 Mollienda
1559 1118 1631 1168 est

315 1292 403 1316 cum
425 1279 525 1315 Alm.
549 1279 665 1316 Goth.
689 1279 789 1323 Voff.
816 1285 852 1312 2.
876 1289 914 1314 et
934 1278 1018 1314 edd.
1042 1291 1126 1315 ante
1146 1280 1294 1329 Gryph.
1539 1292 1632 1314 nunc

315 1336 566 1370 declamamus.
597 1336 724 1369 Turic-
753 1333 854 1378 Flor.
885 1335 975 1367 hunc
996 1336 1043 1382 d„
1258 1337 1431 1371 dicentem
1461 1333 1545 1382 ipsis
1574 1335 1628 1367 in-

314 1391 521 1426 commodis.
564 1392 650 1425 Hoc
673 1389 805 1424 ordine
826 1390 859 1424 T
863 1389 955 1424 uric-
974 1389 1075 1427 Flor.
1099 1390 1224 1427 Guelf·
1245 1390 1361 1426 Goth.
1391 1394 1478 1437 (tac.
1500 1389 1627 1431 Gesn.)

309 1446 439 1495 Camp.
460 1445 618 1494 Reliqui
638 1444 703 1494 ips.
728 1447 794 1480 inc.
822 1445 891 1480 dic.

393 1561 457 1600 34.
489 1557 616 1599 major.
650 1554 776 1590 Guelf·
807 1555 899 1589 Exc.
924 1556 1073 1607 Santeln'.
1096 1558 1247 1600 majora.
1477 1567 1518 1590 os
1539 1567 1625 1603 pro·

303 1611 489 1659 sanatum.
523 1611 638 1645 Goth.
674 1612 766 1654 (err.
794 1610 919 1654 Gesn.)
953 1612 1082 1658 Camp.
1114 1613 1228 1646 honos
1257 1611 1506 1658 prophanatus
1535 1621 1624 1644 cum

307 1666 412 1704 Voff.
435 1676 470 1702 2.
490 1666 566 1709 (cf.
588 1672 650 1710 82.
663 1667 693 1710 ).
922 1679 963 1700 ac
974 1665 1100 1711 fletus,
1127 1677 1172 1701 et.
1205 1666 1336 1701 Turio.
1361 1665 1486 1702 Guelf.
1510 1673 1574 1700 aut
1586 1663 1622 1710 f.

308 1722 439 1770 Camp.
463 1730 528 1757 aut
544 1720 575 1767 f.
598 1729 643 1755 et.
670 1721 767 1758 Jens.
796 1735 838 1756 ac
852 1719 887 1767 f.
909 1721 984 1755 sine
1010 1730 1063 1760 et,
1096 1734 1183 1756 cum
1207 1716 1320 1756 Taiv.
1343 1721 1412 1768 qui
1435 1718 1470 1755 et
1492 1721 1623 1755 exerci—

307 1780 415 1813 tatio.
666 1776 897 1811 verecundius
916 1796 971 1802 —-
995 1774 1097 1823 ausis}
1131 1776 1260 1812 Turio.
1283 1774 1498 1825 verecundff
1509 1771 1557 1822 qsl}
1583 1787 1622 1821 p.

306 1848 340 1882 q.
369 1849 402 1868 a.
435 1831 559 1866 Guelf.
587 1829 873 1880 verecundaffem
892 1846 929 1879 p.
953 1846 986 1880 q.
1009 1845 1042 1866 a.
1081 1830 1198 1866 Goth.
1231 1830 1366 1866 omiffo
1386 1831 1504 1878 modo
1531 1831 1623 1874 inju-

306 1891 384 1923 riae
410 1887 482 1923 sic:
514 1887 748 1922 verecundiae
779 1900 892 1933 genus
914 1885 961 1934 est
986 1901 1023 1933 p.
1048 1900 1081 1934 q.
1104 1901 1136 1921 a.
1171 1887 1301 1935 Camp.
1322 1885 1553 1921 verecundius
1573 1881 1622 1930 efi·

304 1957 342 1990 p.
363 1957 395 1991 q.
417 1957 450 1978 α.
495 1943 533 1977 Si
562 1952 662 1976 recte
692 1941 825 1975 siletur
852 1941 953 1977 Flor.
982 1943 1241 1985 (memoratus
1274 1940 1340 1975 ille
1369 1941 1410 1975 in
1437 1940 1512 1975 hoc
1538 1939 1619 1986 ipso

303 2000 415 2032 versu
446 1999 506 2045 qui
525 1998 574 2031 ad
594 1997 659 2031 hoc
679 1996 765 2030 dare
790 2009 875 2030 cum
896 1996 1039 2038 Guelf.)
1070 1996 1252 2031 habemus
1272 2008 1391 2029 unum
1414 1995 1620 2041 antiquiffi-

302 2065 410 2087 mum
433 2053 559 2087 testem
581 2051 758 2098 vulgatae
780 2051 997 2098 scripturae.
1036 2052 1217 2086 Gesnerus
1239 2063 1257 2085 e
1272 2050 1386 2085 Goth.
1411 2051 1510 2084 eruit
1523 2052 1617 2097 *quia

303 2107 371 2142 hoc
402 2121 513 2155 genus
535 2106 770 2150 (intellecto,
800 2118 877 2139 non
899 2107 1066 2154 expreffo
1088 2105 1158 2141 illo
1181 2107 1363 2149 injuriae)
1384 2105 1619 2140 verecundiae

302 2160 352 2210 est
370 2178 407 2212 p.
430 2177 465 2212 q.
489 2178 523 2198 a.
555 2163 601 2197 ad
627 2173 777 2198 morem
800 2160 914 2196 illum
935 2163 1020 2198 satis
1041 2162 1239 2209 cognitum
1264 2159 1466 2196 omittendi
1485 2158 1617 2194 adver-

356 2300 421 2337 84·
457 2293 689 2329 verecundius
727 2311 780 2320 —-
819 2290 926 2339 ausis.
981 2291 1148 2327 monitio
1186 2291 1377 2337 ejusdem,
1424 2289 1453 2324 fi
1482 2287 1614 2328 modo,

297 2348 344 2383 cf.
368 2359 448 2383 not.
471 2349 556 2383 crit.
605 2349 730 2396 Ipsum
758 2347 924 2395 quidem,
983 2343 1612 2393 Quintiliani(Decl.513.p.210.):

296 2404 366 2450 qui
394 2403 491 2438 hanc
509 2403 688 2450 injuriam
711 2401 924 2450 pertulerit,
979 2403 1101 2443 „Non
1116 2402 1188 2436 erit
1208 2400 1373 2435 alienum
1386 2398 1613 2434 advocatum

293 2459 414 2493 faeere
436 2457 656 2505 loquentem
680 2458 723 2492 in
741 2459 813 2492 ista
835 2469 923 2491 con·
980 2457 1094 2498 „dare
1114 2456 1206 2493 huic
1226 2455 1502 2490 accusato1·i.--
1516 2465 1612 2499 quo·
1659 2464 1663 2466 ·

295 2513 476 2548 troversia
513 2514 640 2547 minus
672 2513 833 2560 probare
867 2511 926 2546 vi·
982 2512 1082 2552 „ties
1114 2511 1216 2546 causa
1254 2509 1340 2558 plus
1370 2509 1466 2554 juris
1496 2507 1612 2541 habet

294 2568 405 2602 detur
427 2568 569 2609 noster,
601 2579 700 2603 certe
730 2565 924 2602 difficilius
982 2579 1122 2613 „quam
1143 2566 1310 2613 pudoris,
1330 2562 1375 2598 ad
1395 2576 1479 2598 eum
1491 2573 1609 2596 trans-

293 2623 461 2667 judicare
491 2623 565 2668 (cf.
600 2626 631 2669 §-
665 2632 728 2666 53.
749 2627 813 2667 54.
856 2621 924 2656 ubi
980 2622 1160 2661 „ferenda
1196 2619 1262 2660 est,
1319 2618 1386 2666 qui
1415 2630 1494 2653 non
1525 2629 1609 2651 eru·

293 2676 403 2712 valde
447 2679 597 2725 gemina
629 2677 732 2713 hisce
771 2676 920 2715 nostris,
977 2667 1166 2716 ,ssbescitn‘

290 2732 385 2767 item
407 2736 507 2776 55.).
554 2735 605 2770 Et
628 2733 749 2782 proba
781 2731 830 2767 est
857 2731 920 2765 ad-
