1676 3028
296 282 396 331 423
609 274 683 319 M.
711 274 844 319 FAB.
879 273 1282 333 QmN'rlmAm

294 406 369 445 tes
388 394 547 453 decet,
585 407 638 444 et
659 397 840 443 excitat
858 394 1163 445 auditorem.
1235 397 1399 468 quue
1419 399 1485 459 in?
1499 398 1597 448 Ca-

293 470 424 520 lidio
452 472 647 520 Cicero
689 470 962 529 defiderat‚
1012 473 1141 519 Non
1167 468 1357 540 frons,
1403 475 1590 537 inquit,

289 541 552 617 perc-uffa,
601 563 697 595 non
717 542 916 614 femur.
1005 535 1425 614 Quanquamfssfi
1453 549 1676 606 licet,1026

294 621 358 668 de
383 619 556 669 fronte
582 619 831 671 dissentio.
908 623 1048 670 Nam
1080 623 1237 671 etiam
1263 623 1607 686 coinplodere..

220 705 478 747 unimanus
504 688 763 747 'scenicum
788 696 883 753 est,
922 707 972 744 et
989 707 1168 762 pectus
1186 697 1406 747 caedere.
1453 698 1594 747 Illud

291 788 504 835 quoque
526 789 641 821 raro
663 772 878 828 decebit,
903 790 1023 820 cava
1044 789 1204 820 manu
1225 771 1592 838 summisdigi-

289 847 356 894 tis
390 857 571 911 pectus
606 858 867 914 appetere,
914 847 956 895 fi
985 847 1192 912 quando
1224 858 1426 895 nosmet
1452 846 1590 911 ipsos

289 922 637 986 alloquimur,
676 923 1025 981 cohortantes,
1064 924 1410 988 objurgantes,
1441 921 1594 970 mise-

288 1007 483 1046 rantes:
522 997 669 1062 quod
697 996 740 1045 si.
775 998 985 1061 quando
1015 997 1134 1055 fiet,
1161 1006 1345 1062 'togam
1377 1014 1592 1062 quoque

287 1072 412 1120 inde
446 1075 705 1122 removeri
748 1090 858 1122 non
896 1072 1179 1122 dedecebit.
1263 1074 1325 1120 In
1366 1072 1590 1139 pedibus

288 1203 390 1237 nulla
400 1202 593 1251 supplosio
623 1216 669 1238 ex
690 1203 887 1244 Cicerone,
910 1204 979 1239 ubi
997 1214 1121 1239 tamen
1144 1202 1261 1250 pedis.
1498 1201 1597 1236 Nam

289 1260 410 1294 etiam.
451 1259 512 1292 Sic
539 1259 669 1293 Turio.
697 1257 798 1292 Flor.
827 1259 958 1294 Ambr.
985 1267 1020 1292 2.
1054 1257 1179 1294 Guelf.
1206 1259 1335 1304 Camp.
1359 1256 1475 1293 Goth.
1497 1258 1594 1294 Jens.

288 1314 375 1356 (tac.
397 1313 503 1348 Gesn.
525 1313 585 1347 sed
605 1313 713 1360 prior
727 1313 813 1346 Non
833 1326 987 1361 quoque
1007 1325 1078 1359 pro
1091 1314 1204 1354 Nam)
1226 1323 1309 1346 cum
1320 1311 1419 1352 Alm.
1436 1311 1539 1350 Vols.
1554 1321 1593 1346 2.

288 1378 325 1402 et
346 1367 428 1404 edd.
451 1378 534 1402 ante
557 1367 704 1415 Gryph,
734 1366 889 1415 Reliqui
909 1369 958 1403 N.
982 1379 1027 1403 et.
1059 1369 1155 1402 Mox
1175 1376 1211 1402 et
1233 1377 1314 1401 ante
1332 1375 1453 1414 pectus
1479 1366 1593 1401 omit-

286 1431 372 1458 tunt
389 1423 521 1458 Amhr.
538 1433 575 1460 2.
596 1421 746 1462 Guelf.;
779 1423 906 1457 omnia
925 1434 1049 1458 autem
1072 1423 1268 1468 interjecta
1285 1422 1385 1457 inter
1406 1434 1531 1456 manus
1555 1431 1593 1456 et

286 1490 396 1513 manu
427 1491 515 1513 cum
550 1478 758 1526 posteriore
793 1479 874 1525 ipso
913 1478 1122 1514 desiderant
1149 1475 1281 1514 Turic.
1321 1476 1424 1513 Flor.
1459 1477 1592 1524 Camp-

286 1543 373 1567 cum
395 1533 484 1568 Alm

339 1583 341 1590 ¹
376 1594 466 1634 124.
486 1601 592 1626 faro.
618 1587 714 1626 Jens.
737 1601 840 1626 rara,
870 1598 1082 1622 correctum
1099 1581 1246 1634 Regio,
1273 1585 1332 1621 red
1352 1585 1464 1622 [olus.

393 1644 622 1690 alloquimur.
657 1644 718 1677 Sic
735 1643 863 1676 Turio.
879 1642 978 1676 Flor.
1000 1645 1234 1689 (quanquam
1251 1642 1296 1676 hi
1316 1641 1391 1683 adl.
1411 1651 1448 1676 et
1468 1641 1590 1689 poste-

281 1699 364 1735 rior
385 1700 496 1734 etiam
515 1699 757 1742 cohartnntes)
771 1697 884 1731 Goth.
897 1697 984 1740 (tac.
1000 1698 1125 1740 Gesn.)
1138 1698 1266 1744 Camp.
1287 1708 1374 1730 cum
1387 1696 1475 1731 Bad.
1497 1695 1590 1731 allo-

283 1767 431 1802 quamur
440 1753 546 1788 Bam.
576 1752 733 1800 Reliqui
753 1751 988 1800 alloquemur.
1020 1753 1117 1786 Mox
1126 1749 1204 1796 fiac
1218 1751 1313 1790 Jens.
1327 1763 1411 1785 cum
1425 1750 1590 1798 edd-po-

252 1806 256 1809 *
282 1809 444 1844 steriorr.
465 1819 549 1844 ante
561 1809 648 1843 Bad.
789 1806 986 1842 dedecebit.
1001 1807 1060 1842 Sic
1073 1805 1203 1842 Ambr.
1216 1815 1252 1840 2.
1270 1804 1452 1839 decedebic
1460 1805 1591 1839 Turic-

281 1863 384 1899 Flor.
409 1877 497 1899 cum
518 1863 618 1906 Alm.
642 1864 683 1897 in
703 1874 783 1910 quo
808 1860 974 1896 nostrum
993 1862 1152 1909 agnovit
1169 1861 1299 1896 Burm.
1321 1859 1367 1894 cf.
1390 1862 1422 1906 §.
1439 1858 1502 1904 76.
1524 1865 1589 1902 80.

281 1919 441 1967 Reliqui
458 1919 609 1954 decebit.
653 1918 777 1952 Modo
794 1930 976 1951 removere
997 1916 1114 1952 Goth.
1139 1918 1227 1961 (tac.
1250 1908 1372 1966 Gesn.)
1395 1926 1484 1948 cum
1497 1914 1589 1949 Bad.

281 1974 392 2010 Basil.
444 1974 591 2022 Gryph.
633 1971 851 2021 observatus
878 1971 1001 2007 Guelf.
1033 1973 1163 2020 Camp.
1196 1983 1282 2006 cum
1312 1970 1405 2005 Obr.
1440 1970 1588 2004 dextero

283 2029 408 2065 Guelf.
430 2042 517 2065 eum
538 2029 627 2064 Bad.
655 2027 763 2063 Bam.
795 2028 920 2063 eadem
939 2028 1068 2062 Tur-ic.
1093 2029 1120 2061 F
1123 2027 1194 2062 lor.
1213 2026 1345 2061 Ambr.
1364 2035 1400 2062 2.
1421 2035 1589 2072 quorum

277 2085 489 2134 postremus
513 2084 657 2132 deform
677 2081 737 2131 est.
796 2085 857 2118 An
877 2083 1058 2131 primitus
1078 2082 1174 2117 afuit
1196 2078 1276 2130 esc?

281 2208 434 2243 traditur
460 2206 592 2242 malim
611 2219 700 2254 prae
731 2205 906 2240 creditur.-
1023 2210 1109 2252 124.
1150 2217 1224 2240 non
1249 2197 1441 2238 dedecebit.
1491 2200 1590 2236 Cum

281 2264 327 2298 cf.
353 2276 414 2302 ιο,
437 2274 471 2302 2,
502 2272 570 2297 20.v
610 2263 671 2296 De
690 2261 828 2316 femine
844 2259 906 2308 fe·
963 2275 1098 2310 operae
1136 2260 1304 2308 pretium
1339 2258 1411 2292 erit
1441 2265 1588 2292 tantum

280 2319 406 2353 riendo
427 2319 473 2354 ef.
491 2327 527 2358 2,
554 2329 613 2356 12,
639 2329 700 2353 ιο.
963 2318 1139 2352 affectum
1159 2328 1247 2362 prae
1266 2315 1299 2348 se
1323 2314 1441 2352 fferre,
1472 2323 1589 2358 quan-

335 2376 372 2407 in
395 2374 551 2409 Calidio.
585 2372 633 2409 cf.
660 2385 730 2413 ιο,
769 2383 786 2404 1
803 2398 813 2412 ‚
842 2379 905 2414 23.
963 2382 1023 2407 tus
1054 2371 1102 2406 est
1127 2372 1169 2406 in
1190 2369 1261 2404 illo
1282 2367 1402 2415 gestu,
1431 2377 1479 2400 ne
1500 2374 1588 2410 toga

277 2429 404 2465 Locus
417 2429 496 2464 Cic.
517 2428 566 2462 est
586 2428 628 2461 in
639 2429 759 2462 Bruto
775 2439 804 2462 c.
820 2433 883 2471 80.
964 2427 1120 2475 quidem
1167 2422 1318 2459 debebit
1355 2419 1588 2456 intervenire

335 2483 524 2532 desiderat,
538 2484 624 2518 Non
628 2482 748 2531 frons.
764 2482 810 2518 cf.
824 2491 905 2517 not.
961 2484 1094 2517 manui
1114 2492 1150 2517 et
1167 2476 1326 2527 pectori.
1381 2475 1423 2511 Si
1443 2475 1587 2521 impro-

279 2541 361 2575 crit.
962 2537 1051 2573 bare
1080 2534 1260 2573 'voluiss'et
1285 2531 1381 2566 hauc
1400 2540 1509 2576 togae
1529 2540 1587 2562 re·

334 2595 434 2630 Nam
491 2596 600 2630 etiam
666 2592 903 2641 complodere.
961 2592 1172 2627 motionem
1189 2591 1243 2632 (v.
1260 2586 1353 2622 Not.
1374 2585 1509 2628 crin).
1532 2592 1587 2617 ‘a‘

277 2650 418 2696 „Quod
451 2651 575 2698 ipsum
625 2649 750 2684 levius
780 2658 905 2682 tamen
963 2661 1042 2682 men
1062 2655 1139 2681 erat
1158 2644 1365 2678 inserturus
1383 2638 1526 2676 alicubi
1543 2637 1586 2673 in

277 2704 354 2744 „est
368 2714 404 2738 et
417 2706 661 2752 temperatius
675 2717 789 2752 quam
800 2703 905 2738 fron-
960 2701 1031 2737 hac
1053 2699 1243 2736 sementia.

279 2769 382 2799 „tem
399 2765 638 2808 percute1·e.“
