1676 3028
638 187 650 205 l

292 269 390 318 442

598 261 672 317 Μ.
707 262 839 308 FAB.
876 263 1283 324 QU1N11L1AN1

291 383 408 434 dios
439 385 665 450 poplites
697 402 862 451 usque
893 388 1213 452 perveniant.
1293 391 1429 440 Nam
1457 391 1593 442 infra

285 546 383 576 rent,
426 549 521 582 quae
537 538 697 584 proprio
710 533 911 574 'vocabulo

284 593 534 640 praecinctura
566 592 664 627 dicta
694 593 750 628 fit.
817 595 911 627 Eam

285 646 375 680 fieri
393 655 528 693 putant
554 645 647 687 illo,
678 661 791 696 quem
819 661 912 683 mox

286 699 548 746 Quintilianus
580 714 784 744 memorat,
814 704 913 739 velut

285 755 422 791 balteo.
479 757 594 804 Quod
614 758 643 792 si
661 759 911 799 admittimus,

285 812 409 845 cinctis
448 811 490 846 in
521 813 646 848 nostro
677 813 764 849 loco
793 814 914 862 accipi

285 866 399 900 etiam
425 868 540 914 poffit
568 881 640 916 pro
672 869 823 910 dativo,
870 878 915 903 ut

282 922 491 968 praecipiat
520 923 593 969 Qu.
617 937 696 959 eam
725 923 793 959 lati
814 923 914 960 clavi

282 974 589 1023 longitudinem,
620 993 714 1027 qua,
743 980 826 1028 post
860 979 912 1014 fa·

283 1041 381 1065 ctam
431 1034 730 1079 praecinetur-am
780 1034 910 1073 illam,

281 1087 433 1132 paulum
466 1087 686 1136 sunznzffor
729 1090 774 1124 sit
802 1088 842 1126 h.
877 1103 909 1124 e.

281 1140 520 1188 aliquantum
551 1143 649 1178 infra
675 1144 794 1179 sinum
822 1157 911 1192 pro-

279 1197 454 1243 pendeat.
512 1198 615 1232 Mihi
636 1210 759 1235 tamen
771 1199 815 1235 de
827 1199 908 1235 ullo

280 1259 410 1297 togam
432 1253 655 1300 incingendi
666 1267 786 1295 more,
802 1268 909 1302 prae-

278 1314 337 1340 ter
358 1305 483 1346 illurn,
513 1309 581 1355 qui
613 1309 736 1344 dictus
768 1311 818 1345 est
839 1312 910 1344 cin-

277 1369 356 1396 ctus
375 1362 551 1404 Gabinus,
573 1365 744 1399 nondum
762 1366 908 1412 persua·

277 1417 356 1451 sum
379 1418 438 1456 est,
457 1421 906 1467 praecinctunzque,juxta

275 1483 318 1507 ac
340 1474 546 1513 Ferrarius,
575 1474 709 1509 eodem
737 1487 812 1521 quo
834 1478 906 1510 cin-

275 1535 370 1562 ctum
398 1528 610 1575 significatu
644 1529 790 1564 dictum
828 1530 906 1564 exi·

274 1582 400 1618 flimo.
465 1584 575 1619 Certe
608 1583 708 1618 illud
737 1585 904 1620 vocabu-

273 1637 358 1673 lum
379 1651 471 1678 non,
488 1649 530 1674 ut
541 1639 724 1674 Graevius
743 1640 805 1679 ait,
816 1641 906 1674 sem-

274 1707 344 1742 per
376 1694 421 1729 de
456 1704 543 1740 toga
569 1695 751 1741 usurpari,
785 1696 905 1729 mani-

274 1749 409 1783 festum
431 1748 479 1783 est
505 1749 565 1792 (id
588 1749 692 1796 quod
712 1750 906 1784 Ferrarius

275 1815 407 1839 contra
435 1804 653 1839 Rubenium
682 1804 755 1848 jam
780 1804 908 1851 tetigit

238 1855 242 1860 ’
274 1871 360 1908 pag.
384 1859 641 1895 Thes.Graev.
663 1861 798 1905 1145.)
821 1873 905 1894 ver-

276 1914 336 1950 bis
360 1915 523 1950 Pedonis
543 1915 584 1949 in
604 1914 722 1961 elegia
745 1915 790 1949 de
804 1915 907 1949 Mae-

278 1981 418 2010 cenate,
432 1971 572 2018 quibus
585 1970 792 2004 discinctum
804 1971 906 2005 Mae-

277 2036 446 2060 cenatem
482 2025 645 2074 praefert
681 2025 775 2060 bene
802 2039 908 2073 prae-

277 2082 418 2122 ductis,
456 2081 655 2129 eidemque
683 2080 820 2116 tribuit
851 2090 906 2115 tu-

276 2138 376 2172 m'cas
387 2135 549 2184 solutas,
580 2137 621 2170 in
644 2136 784 2183 quibus
806 2137 907 2183 apud

277 2193 457 2226 Senecam
484 2204 637 2239 quoque
665 2191 778 2238 Epist.
815 2197 901 2234 ¹²4·

275 2245 430 2286 incedit,
459 2257 503 2281 ut
531 2256 567 2282 et
598 2245 810 2282 Malthinus
837 2245 905 2282 ille

270 2302 491 2355 personatue
503 2301 602 2350 apud
613 2301 817 2337 Horatium
831 2303 903 2337 Sat.

277 2369 312 2395 ι,
337 2367 372 2397 2,
395 2364 458 2399 25.
495 2382 521 2397 „
532 2356 698 2391 demiffis
727 2356 906 2392 tunicis-“

270 2409 355 2453 Nec
375 2422 515 2447 temere
527 2413 715 2461 ,cuiquam
738 2412 901 2452 credam,

271 2465 415 2506 „altius
469 2479 510 2501 ac
555 2479 626 2502 nos
675 2466 902 2503 Praecinctis

270 2527 446 2560 ,‚unum“
477 2534 563 2557 cum
584 2522 763 2557 scriberet
779 2523 902 2558 Hora·

273 2577 349 2611 tius
381 2571 471 2629 (Sat.
494 2590 526 2618 1,
550 2583 585 2621 5,
611 2577 676 2620 6.),
707 2587 790 2612 ante
812 2589 902 2611 ocu-

273 2629 333 2665 los
351 2632 520 2668 habuiffe
542 2643 669 2680 togam
691 2631 816 2668 balteo
831 2630 902 2666 illo

274 2686 525 2725 constrictam.
556 2689 679 2735 Quare
698 2689 746 2724 iis
763 2699 823 2724 me
845 2699 903 2722 ac·

970 541 1111 582 censeo,
1135 542 1204 589 qui
1234 545 1353 577 tunica
1383 543 1592 591 apud—Ma·

969 596 1144 631 crobium
1191 597 1450 646 reponendum
1488 600 1591 646 judi-

968 662 1052 687 cant
1070 664 1140 699 pro
1163 661 1264 700 coga-
1284 651 1373 690 vid.
1398 651 1591 703 A'ldgNep.

967 707 1009 742 in
1029 707 1136 742 Thes.
1161 709 1295 744 Graev.
1315 708 1384 745 VI.
1409 721 1447 756 p.
1473 720 1587 754 ¹²97-

966 765 1011 798 Β.
1040 763 1083 799 C.
1110 764 1253 798 ferrar.
1282 762 1335 798 ib.
1362 774 1400 809 p.
1423 762 1513 806 642.
1542 766 1587 801 E.

968 819 1068 854 Nam
1105 819 1209 866 quod
1239 818 1410 852 laciniam
1446 819 1594 857 traxiffe

969 873 1157 909 Caesarem
1178 873 1231 908 ait
1254 872 1492 914 Macrobius.
1522 887 1593 923 po·-

969 928 1045 963 tuit
1064 940 1104 962 ea
1125 929 1272 963 tunicae
1293 928 1362 963 ess‘e
1377 953 1388 968 ‚
1423 939 1510 963 cum
1541 940 1593 965 ta·

966 983 1061 1018 lares
1084 983 1233 1019 tunicae
1259 994 1496 1030 nequaquam
1523 984 1595 1019 sint

966 1037 1169 1075 inauditae.
1226 1040 1340 1086 Super
1370 1038 1493 1083 *latum
1522 1039 1593 1074 cla·

965 1107 1048 1128 vum
1067 1104 1109 1128 ut
1132 1093 1277 1129 dictum
1298 1093 1343 1127 fit
1355 1091 1400 1126 de
1412 1093 1485 1141 ipsa
1499 1106 1590 1142 pur-

964 1161 1072 1196 pura,
1087 1161 1165 1183 non
1185 1149 1231 1184 de
1252 1147 1378 1184 tunica
1400 1157 1492 1190 tota,
1503 1160 1589 1183 ver·

965 1203 1012 1238 ba
1039 1203 1217 1238 Suetonii
1244 1204 1342 1239 ferre
1372 1203 1474 1238 mihi
1510 1215 1591 1238 non

964 1257 1166 1293 videntur:
1214 1270 1302 1293 nam
1328 1257 1397 1303 qui
1419 1256 1592 1304 fimbria·

965 1322 1040 1348 tum
1060 1313 1171 1346 latum
1191 1314 1332 1349 clavum
1361 1311 1528 1353 dixerat,
1557 1311 1592 1347 is
1619 1314 1629 1318 ⁵

965 1380 1050 1402 cum
1073 1381 1152 1402 eum
1169 1381 1262 1403 mox
1285 1365 1391 1406 dicit.
1414 1367 1590 1407 eundem.

962 1423 1038 1457 hoc
1058 1422 1106 1457 est
1120 1423 1299 1462 tunicam,
1321 1421 1510 1469 designare
1521 1435 1592 1470 pu·

962 1478 1095 1512 tandus
1115 1478 1183 1512 est:
1212 1490 1335 1525 neque
1358 1487 1404 1509 ex
1416 1487 1592 1512 veterum

962 1531 1117 1579 quidem
1146 1532 1371 1580 scriptorum
1395 1530 1591 1566 relationi·

962 1587 1033 1622 bus
1063 1585 1182 1620 ullam
1209 1587 1397 1622 rationem
1429 1585 1590 1621 commi-

961 1642 1103 1680 niscor,
1144 1654 1218 1688 qua
1258 1640 1356 1688 infra
1392 1653 1590 1689 purpuram

961 1697 1018 1740 (h.
1049 1709 1080 1730 e.
1109 1696 1292 1731 inferiore
1322 1697 1366 1731 ad
1387 1695 1588 1744 perpendi-

963 1750 1092 1785 culum
1113 1749 1218 1792 1000)
1241 1753 1338 1798 cingi
1355 1750 1524 1798 potueri:
1540 1750 1587 1791 is,

964 1805 1042 1852 qui,
1078 1814 1120 1839 ut
1149 1804 1339 1852 peculiare
1367 1805 1460 1845 fibi,
1478 1803 1590 1852 super

962 1860 1069 1895 illam
1102 1860 1246 1894 cinctus
1273 1860 1587 1899 fuiss'emarratur.

964 1917 1085 1962 Quam
1122 1915 1273 1949 unicam
1310 1914 1590 1950 dubitationem

962 1971 1038 2018 ipse
1065 1970 1176 2005 etiam
1200 1971 1384 2005 Graevius
1409 1968 1475 2015 (ad
1496 1971 1588 2004 Sue-

964 2036 1043 2061 ton.
1065 2025 1090 2060 l.
1112 2024 1156 2070 l.)
1168 2025 1312 2061 solvere
1330 2037 1408 2060 non
1427 2022 1588 2060 valebat.

962 2081 1093 2129 Vulgo
1118 2081 1246 2127 igitur,
1271 2078 1348 2127 ¹qui
1376 2079 1492 2115 latum
1515 2077 1588 2113 cla-

961 2149 1055 2170 vum
1074 2136 1267 2176 haberent,
1287 2135 1489 2170 interiores
1503 2145 1588 2168 mo·

962 2191 1011 2226 do
1022 2192 1167 2228 tunicas
1181 2190 1394 2238 cingebant,
1405 2201 1483 2224 non
1494 2201 1588 2228 eam,

960 2246 1002 2281 in
1033 2259 1105 2294 qua
1129 2246 1216 2281 ess‘et
1235 2257 1425 2294 purpura;
1457 2253 1588 2279 eontra

962 2302 1091 2340 Caesar
1110 2301 1218 2349 super
1228 2300 1343 2348 ipsam
1355 2295 1586 2348 cingebatur.

959 2358 1014 2392 Ita
1037 2365 1190 2404 apparet
1208 2357 1343 2390 cinctos
1365 2353 1585 2403 appellaria

958 2412 1098 2450 nostro,
1118 2410 1185 2459 qui
1204 2410 1356 2459 angusto
1378 2407 1486 2445 clavo
1501 2417 1584 2443 ute-

956 2477 1101 2507 rentur,
1133 2465 1252 2514 qualis
1286 2465 1362 2500 fuit
1387 2463 1584 2498 Maecenas

958 2535 1085 2570 eque5‚
1100 2522 1208 2567 cujus
1226 2520 1302 2568 ipse
1323 2517 1496 2566 angustus
1509 2516 1583 2552 cla-

957 2590 1029 2614 vus
1063 2576 1266 2612 discinctus
1294 2572 1446 2609 fluebat.
1510 2573 1584 2607 La-

957 2642 1017 2667 tus
1040 2631 1166 2667 clavus
1185 2628 1346 2664 inferius
1369 2627 1584 2663 demittitur

958 2698 1072 2735 quam
1090 2683 1277 2733 angustus,
1306 2684 1385 2733 qui,
1417 2693 1461 2718 ut
1482 2690 1584 2718 reete
