1676 3028
232 223 325 272 348

542 218 616 263 Μ.
647 219 779 264 FAB.
806 207 1220 279 >omnnium

229 337 344 395 Sed,
369 348 431 387 ut
453 339 518 388 ad.
542 340 869 406 propositum
892 341 1114 402 redeam,
1139 349 1239 406 jam
1261 345 1536 397 confirma-

229 421 308 460 tae
342 415 750 479 constitutaeque
782 417 926 465 vocis
960 433 1122 481 genus
1161 425 1535 473 exercitationis

231 489 492 552 optimum
527 490 690 547 duco,
729 490 874 554 quod
909 491 980 538 est
1008 496 1155 558 operi
1193 493 1533 557 simillimum,

228 562 400 610 dicere
432 565 685 625 quotidie,
723 564 854 614 sicut
881 568 1093 631 agimus.

1169 572 1410 634 Namque
1432 575 1534 623 hoc

226 638 389 686 modo
420 655 529 687 non
559 657 666 689 vox
695 650 896 689 tantum
939 640 1279 694 confirmatur
1309 657 1360 694 et
1385 647 1532 706 latus,

226 710 314 759 sed
351 714 506 761 etiam
543 705 1000 781 corporis'decens
1032 729 1080 767 et
1116 721 1534 772 accommodatus

151 801 203 837 50
226 788 454 836 orationi
494 801 669 839 motus
715 795 1081 856 componitur„
1149 797 1277 844 Non
1321 797 1418 844 alia
1461 796 1534 845 est

224 873 396 911 autem
418 867 548 912 ratio
570 868 1040 930 pronunciationis,
1065 886 1220 933 quam
1239 871 1397 935 ipsius
1419 888 1534 920 ora-

222 939 394 988 tionis.

472 942 611 988 Nam
642 952 704 990 ut
734 943 823 989 illa
846 944 1126 1002 emendata,
1165 945 1432 1005 dilucida„
1449 963 1533 996 or-

219 1025 361 1072 nata,
399 1026 512 1080 apta
544 1014 640 1063 effe
671 1017 845 1065 debet:
885 1020 953 1065 ita
979 1019 1103 1067 haec
1123 1035 1336 1085 quoque
1357 1038 1532 1069 emen·

219 1087 335 1137 data
357 1092 478 1147 erit,
516 1091 572 1138 id
599 1090 694 1148 est,
733 1094 866 1139 vitio
888 1095 1102 1152 carebit,
1135 1094 1175 1142 fi
1198 1094 1357 1144 fuerit
1377 1094 1530 1146 os‘fa-

217 1165 340 1223 cile,
399 1167 752 1231 explanatum,
789 1169 1110 1228 jucundum,
1148 1171 1433 1229 urbanum,
1470 1172 1529 1220 id

215 1238 302 1296 est,
342 1241 396 1287 in
424 1258 530 1305 quo
557 1241 703 1289 nulla
726 1259 897 1305 neque
918 1243 1169 1293 rusticitas
1189 1262 1360 1309 neque
1381 1264 1528 1311 pere-

215 1316 429 1379 grinitas
446 1314 662 1365 resonet.
717 1318 846 1366 Non
868 1320 1009 1366 enim
1029 1318 1137 1367 sine
1163 1319 1307 1369 causa
1334 1322 1528 1370 dicitur

138 1399 189 1435 δι
213 1387 487 1440 barbarum
527 1391 860 1442 Graecumve.
940 1396 1079 1443 Nam
1113 1394 1251 1445 sonis
1271 1396 1528 1455 homines,
1570 1416 1571 1419 ¹

296 1572 359 1607 50.
391 1565 477 1600 Non
507 1565 584 1600 alia
615 1562 663 1611 efi
691 1574 822 1601 autem.
862 1566 992 1602 Turic.
1024 1567 1126 1602 Flor.
1163 1581 1197 1604 n.
1219 1567 1340 1615 cased
1360 1565 1409 1615 efi
1432 1570 1519 1606 alia.
1591 1564 1593 1566 ¹

208 1620 329 1654 Error
356 1631 464 1655 natus
497 1634 515 1655 e
541 1621 770 1668 compendio
792 1620 830 1658 αἲ
852 1622 926 1665 (cf.
956 1637 971 1656 1
986 1635 1016 1663 ι,
1046 1637 1079 1662 1,
1103 1622 1166 1666 67.
1183 1626 1209 1663 ).
1232 1624 1358 1672 Camp.
1380 1637 1452 1659 non
1474 1623 1523 1673 eft

209 1683 333 1710 antem
361 1675 463 1713 alia3
491 1675 625 1723 placet.
683 1677 744 1710 De
767 1677 1046 1723 transponendo
1071 1687 1190 1712 autem
1211 1678 1300 1714 vide
1323 1678 1518 1717 Drakenb-

210 1730 255 1764 ad
272 1729 364 1764 Liv.
389 1730 409 1764 6
424 1755 433 1769 ,
459 1740 519 1774 17,
543 1740 578 1772 5.
603 1731 695 1765 item
715 1731 867 1766 Lexica.

929 1732 1087 1767 Omittit
1107 1733 1231 1768 Guelf.
1252 1747 1358 1781 quam
1378 1733 1443 1782 1’ps.
1465 1747 1517 1771 or.

207 1785 302 1819 item
323 1782 474 1831 resonet.
531 1787 604 1820 Pro
624 1787 866 1833 peregrinitas
888 1787 1016 1834 Camp.
1035 1790 1262 1834 peregrinum
1285 1798 1321 1822 et
1339 1801 1519 1835 graecum,

212 1841 343 1875 Verum
368 1852 439 1887 pro
467 1853 691 1888 graecumve.
720 1841 829 1875 Nam.
880 1843 976 1876 Mox
1007 1841 1519 1890 Guelf.suaviloquent1'orem

208 1907 294 1929 cum
322 1895 416 1932 Jens.
448 1896 559 1930 Tarv.
583 1898 817 1943 (quanquam
843 1896 889 1931 hi
924 1897 1043 1946 magis
1065 1896 1138 1946 sua
1163 1900 1214 1939 vir
1234 1899 1518 1948 loquentiorem)

207 1960 244 1984 ct
271 1950 355 1984 edd.
386 1950 538 1998 posteri.
562 1961 646 1986 ante
672 1950 758 1988 Ald-

261 2102 324 2136 30.
359 2094 595 2130 illa—haec.
626 2094 672 2129 cf.
687 2101 722 2138 8,
745 2094 779 2135 6,
796 2101 831 2139 3.

205 2158 242 2184 et
256 2161 350 2184 mox
370 2149 435 2183 hic
456 2153 489 2196 ᾖ.
505 2157 568 2192 4¹·
604 2149 750 2185 Gradus
770 2150 834 2185 illi

200 2204 357 2239 virtutis
389 2205 574 2241 oratoriae
587 2231 595 2244 ,
623 2215 668 2239 ut
686 2205 730 2239 fit
751 2218 834 2240 ora-

201 2260 256 2294 tio
282 2261 494 2300 emendata,
525 2260 697 2301 dilucida,
727 2274 832 2296 orna·

200 2322 252 2354 ta,
284 2324 388 2360 apta.
415 2316 558 2363 ubique
580 2316 832 2363 agnoscuntur

199 2382 219 2402 a
241 2369 380 2410 nostro,
393 2370 501 2406 velut
520 2383 554 2410 1,
571 2378 606 2413 5,
633 2385 664 2406 ι.
690 2371 754 2405 hic
765 2384 829 2406 au-

198 2433 274 2458 tem
308 2425 349 2459 in
387 2426 707 2473 pronunciatione
745 2439 828 2474 pei·-

198 2479 392 2515 censcntur
411 2481 530 2516 iidem
553 2484 609 2528 Μ.
633 2490 748 2525 30-
762 2490 827 2524 55.

197 2535 424 2582 (emendata)
451 2545 501 2579 35
516 2557 567 2564 -
580 2543 642 2580 40.
673 2537 826 2580 (diluci-

196 2588 275 2630 da)
295 2590 486 2634 lio—61.
507 2592 676 2638 (ornata)
699 2591 746 2627 61
781 2592 825 2626 ad

195 2642 314 2677 finem
345 2657 462 2692 usque
492 2647 627 2696 capitis
655 2645 825 2694 (apta)‚·

195 2698 267 2732 nisi
287 2700 391 2747 quod
409 2712 428 2734 a
441 2701 471 2744 §.
485 2702 548 2744 65.
560 2702 650 2737 inde
670 2702 715 2737 ad
731 2701 820 2746 167·

889 2095 1045 2143 propria
1074 2095 1195 2144 gestus
1226 2094 1398 2134 tractatio
1421 2097 1517 2135 inre-

889 2151 1000 2186 ritur.
1412 2146 1419 2157 ¹

945 2215 1010 2248 5¹·
1049 2205 1236 2242 barbarum
1283 2208 1514 2247 Graecumve.

887 2261 1012 2307 Hujus
1033 2262 1187 2308 quidem
1212 2264 1412 2310 proverbii
1428 2264 1515 2300 nul·

887 2315 968 2351 lum
989 2327 1177 2364 praeterea
1197 2323 1387 2354 auctorem
1407 2333 1515 2368 repe-

885 2372 1028 2412 rimus,
1059 2382 1095 2407 et
1122 2373 1238 2407 video
1267 2374 1387 2423 accipi
1411 2374 1515 2423 quasi

885 2426 1030 2462 dictum
1052 2427 1097 2462 de
1119 2440 1177 2467 eo,
1199 2429 1267 2475 qui
1283 2428 1513 2476 pronunciet

882 2493 1015 2528 parum
1056 2481 1194 2522 latine,
1220 2493 1511 2533 *proptereaque

883 2548 947 2572 aut
995 2537 1172 2573 barbarus
1220 2538 1394 2573 videatur
1445 2549 1510 2574 aut

872 2593 1065 2633 Graecum
1097 2604 1211 2639 quare
1242 2593 1422 2628 Gesnerus
1449 2606 1509 2628 re-

881 2647 1002 2682 mittit
1032 2660 1101 2682 nos
1132 2647 1177 2680 ad
1211 2660 1244 2687 1,
1281 2659 1314 2687 1,
1344 2657 1404 2691 15.
1438 2647 1509 2683 ubi

879 2702 925 2737 de
958 2701 1149 2750 corruptis
1172 2702 1315 2738 Graeco
1339 2702 1432 2739 sono
1454 2702 1507 2738 la-
