1676 3028
287 207 305 239 ι
319 209 380 243 20
588 201 662 244 M.
698 201 830 246 ΕΑΒ.
868 202 1278 261 QU1NT1L1AN1

284 319 502 380 adjicere
515 321 592 372 fas
609 342 717 373 non
733 324 818 382 est,
831 324 1102 387 quomodo
1119 323 1317 390 sperare
1333 324 1596 391 poffumus

285 397 440 445 illum
463 405 719 448 oratorem
741 399 1067 464 perfectum?
1108 417 1228 448 cum
1252 402 1309 449 in
1330 402 1428 459 his,
1465 418 1598 466 quos
1651 396 1659 406 ²

285 473 536 522 maximos
559 474 729 522 adhuc
762 476 1025 531 novimus,
1062 491 1219 524 nemo
1247 473 1304 524 fit
1334 478 1599 533 inventu&

285 547 343 594 in
364 563 470 610 quo
493 550 627 597 nihil
649 560 736 597 aut
766 548 1100 606 defideretur,
1139 560 1227 598 aut
1255 551 1600 616 reprehenda-

285 631 386 670 tur.
499 625 599 672 Sed
632 626 785 672 etiam
822 626 917 689 qui
954 623 1151 672 summa
1195 642 1305 673 non
1335 637 1601 693 appetunt,

215 713 264 739 ιο
290 698 601 747 contendere
625 702 817 763 potius,
839 717 995 763 quam
1015 698 1162 763 sequi
1181 698 1382 748 debent.
1459 703 1602 750 Nam

286 774 381 836 qui
410 775 536 836 agit,
576 785 637 822 ut
672 776 817 838 prior
854 774 928 832 fit,
964 773 1172 822 forfitan
1205 776 1386 834 etiam,
1425 775 1462 824 fi
1491 793 1603 824 non

285 849 558 906 transierit,
599 851 850 913 aequabit.
928 853 1064 898 Eum
1101 867 1229 899 vero
1259 867 1414 905 nemo
1437 849 1603 915 potest
1636 853 1639 857 ’

285 939 533 984 aequare,
589 929 734 985 cujus
768 923 997 989 vestigiis
1028 924 1122 973 fibi
1154 927 1338 990 utique
1371 925 1604 974 infisten-

285 997 414 1046 dum
445 1010 604 1062 putat.
701 998 911 1048 N‘eceffe
951 999 1023 1047 est
1067 1002 1236 1058 enim,
1300 1000 1501 1066 semper
1543 1000 1603 1048 fit

282 1071 553 1138 posterior,
583 1075 677 1138 qui
702 1074 950 1138 sequitur.
1027 1075 1175 1124 Adde
1201 1076 1347 1140 quod
1373 1077 1606 1141 plerum-

283 1165 387 1211 que
431 1147 637 1198 fac-ilius
690 1149 761 1197 eft
805 1152 926 1215 plus
973 1148 1163 1208 facere,
1240 1168 1397 1216 quam
1445 1150 1602 1199 idem.

283 1223 500 1273 Tantam
534 1226 678 1274 enim
722 1225 1074 1274 difficultatem
1111 1226 1267 1274 habet
1302 1225 1604 1284 similitudo,

281 1308 342 1347 ut
365 1316 432 1347 ne
451 1299 557 1365 ipsa
579 1301 795 1365 quidem
818 1311 1004 1351 natura
1022 1301 1079 1349 in
1101 1300 1203 1351 hoc
1240 1303 1311 1350 ita
1336 1302 1604 1359 evaluerit,

365 1429 532 1474 adjicere.
560 1429 663 1466 Flor.
688 1432 866 1471 addicere,
887 1442 930 1466 ut
951 1442 988 1466 et
1009 1443 1102 1466 mox
1119 1440 1183 1467 20.
1213 1431 1365 1474 Voff.3.
1393 1434 1432 1475 (a
1454 1444 1512 1479 pr.
1532 1433 1603 1476 m.)

281 1484 425 1521 addere.
457 1485 528 1520 Sed
550 1486 651 1522 Voss‘.
683 1500 715 1520 1.
745 1487 927 1534 prioribus
950 1486 1104 1521 omittit.
1283 1484 1464 1534 poffumus
1490 1486 1604 1522 illum.

279 1539 562 1588 Jeanoffimus
583 1541 695 1575 ullum
718 1554 804 1575 cum
826 1542 1076 1589 edd.p0sterr.
1101 1552 1183 1576 ante
1193 1540 1299 1577 Bam.
1325 1542 1422 1576 Mox
1441 1555 1477 1588 p.
1492 1542 1606 1576 ullum

283 1605 368 1628 ante
389 1595 483 1630 Obr.
505 1608 579 1630 acc.
602 1595 703 1630 Roll.
729 1597 802 1631 Sed
820 1597 982 1631 nostram
1004 1596 1202 1632 vindicant
1217 1595 1295 1631 mei
1320 1607 1472 1644 quoque
1497 1597 1605 1632 MSS.

284 1660 321 1684 et
353 1651 484 1698 Camp.
714 1665 803 1687 cum.
843 1653 973 1687 Turio.
1002 1651 1103 1687 1³10r.
1135 1666 1255 1700 quam.
1298 1649 1370 1686 Ille
1403 1664 1434 1697 a*
1456 1652 1523 1686 [ec.
1553 1665 1606 1687 m.

282 1719 520 1754 quamquam,
546 1706 611 1740 hic
639 1720 757 1754 quum.
986 1708 1052 1741 his.
1093 1707 1155 1741 Sic
1183 1706 1314 1742 Turic.
1346 1705 1450 1741 Flor.
1478 1706 1607 1743 Guelf-

281 1759 440 1807 Reliqui
459 1763 513 1797 iis.
686 1775 784 1810 quos.
812 1762 994 1806 Tu1·ic.(a
1011 1775 1068 1811 pr.
1082 1762 1154 1804 m.)
1176 1775 1258 1810 quo.
1429 1765 1604 1799 inventus.

281 1814 384 1850 Flor.
442 1818 478 1860 (a
505 1831 564 1866 pr.
595 1818 666 1862 m.)
715 1814 873 1864 infestus.
1119 1815 1273 1864 summa.
1332 1816 1435 1854 Flor.
1475 1815 1608 1866 Cnmp.

274 1869 455 1918 summam
502 1886 590 1907 cum
622 1872 738 1909 Goth.
775 1873 878 1909 Voss'.
911 1881 947 1907 2.
994 1883 1030 1908 et
1062 1873 1145 1908 edd.
1182 1882 1266 1907 ante
1298 1870 1384 1910 Ald.
1414 1884 1487 1908 acc.
1516 1873 1608 1909 Bad.

284 1925 330 1960 cf.
355 1933 376 1969 8
401 1929 487 1963 Pro.
515 1939 549 1963 ι.
766 1936 954 1974 appetunt.
986 1929 1116 1963 Tua-ic.
1146 1927 1247 1963 flor.
1267 1929 1455 1975 adpetent.
1489 1926 1607 1964 Goth.

282 1981 378 2018 Jens.
411 1985 498 2026 (tac.
534 1983 660 2026 Gesn.)
700 1983 830 2030 Camp.
863 1995 949 2017 cum
979 1983 1081 2021 Voff.
1109 1992 1144 2018 2.
1191 1993 1228 2018 et
1256 1981 1340 2017 edd.
1371 1992 1456 2017 ante
1485 1984 1608 2017 stoer.

283 2046 468 2084 appetent.

371 2105 432 2127 10-
477 2096 569 2142 agit.
619 2092 744 2129 Guelf.
774 2093 930 2130 omittit.
1163 2095 1225 2142 qui
1250 2092 1427 2142 sequitur.
1476 2093 1607 2129 Turie-

283 2149 434 2196 equitur,
468 2162 487 2183 a
510 2150 576 2184 sec.
598 2163 649 2184 m.
677 2158 838 2197 equatus.
1052 2149 1238 2184 evaluerit.
1270 2149 1398 2183 Turio.
1422 2149 1607 2184 evalueris.

283 2203 379 2239 Jens.
413 2205 572 2239 valuerit
605 2218 692 2240 cum
721 2205 802 2238 odd.
833 2215 916 2240 ante
937 2204 1024 2239 Ald.
1059 2217 1133 2238 acc.
1153 2204 1243 2240 Ead.
1272 2203 1376 2250 cf.⁷9,
1407 2213 1443 2246 3,
1481 2212 1543 2246 ²5·
1573 2214 1612 2239 et

284 2257 444 2294 debebat
462 2260 504 2295 in
524 2261 658 2297 eodem
681 2261 803 2308 capite
837 2264 870 2307 ᾗ.
899 2274 932 2296 1.
963 2260 1102 2308 reponi
1125 2259 1261 2294 evaluit
1278 2271 1350 2307 pro
1370 2259 1497 2294 valuit.

342 2369 377 2404 9.
433 2359 536 2394 illum
597 2367 780 2395 oratorem
841 2373 920 2408 per·
1039 2372 1100 2395 10.
1131 2372 1187 2393 res
1210 2356 1494 2407 simpliciffimae
1518 2359 1546 2392 i.
1577 2372 1612 2394 e·

277 2411 427 2461 fectum.
446 2414 630 2450 Gesnerus
651 2424 750 2449 recte
772 2414 921 2462 ablegat
976 2416 1136 2450 minime
1183 2414 1331 2452 variae.
1387 2413 1428 2448 in
1471 2413 1611 2461 quibus

284 2467 329 2502 ad
352 2468 468 2504 totius
496 2469 624 2518 operis
640 2472 816 2505 Prooem.
836 2473 868 2516 ᾖ.
883 2481 918 2516 9.
978 2469 1078 2505 nihil
1120 2481 1350 2517 magnopere
1394 2478 1611 2516 expectetur

283 2521 348 2556 hic
369 2526 400 2569 §.
426 2530 488 2567 ΞΒ.
519 2525 610 2560 item
634 2525 830 2562 Ciceronis
850 2525 921 2558 im-
978 2523 1233 2564 discriminis,
1312 2523 1434 2570 qualis
1495 2523 1611 2558 fuerit

282 2577 418 2625 primis
439 2590 642 2619 oratorem,
657 2580 792 2614 initio:
827 2580 919 2614 adde
978 2593 1154 2627 gramen,
1182 2578 1332 2612 fofium.
1390 2580 1502 2613 Recte
1525 2578 1611 2612 Ges·

284 2642 320 2667 et
359 2633 472 2669 uosu·.
501 2639 548 2679 8,
594 2637 679 2671 Pro.
730 2644 790 2679 15.
859 2643 919 2674 12,
977 2634 1371 2674 uerusl1ic.·-dmonet
1405 2633 1611 2667 indi-‹cerni-

289 2700 321 2727 1,
352 2696 416 2724 21.
978 2690 1101 2726 biliam
1122 2687 1292 2723 illorum.
1315 2687 1362 2724 cf.
1382 2698 1416 2731 7.
1440 2687 1557 2723 Praef.
1574 2693 1610 2730 4.
