1676 3028
345 184 510 231 INST.
553 182 832 231 ORATOR.
875 180 999 228 LIB.
1038 180 1110 238 X,
1147 193 1196 226 1.
1401 194 1469 241 99

115 309 351 362 hominis
391 327 591 360 nomen
610 347 623 368 ‚
684 306 776 358 sed.
817 309 1153 375 eloquentiae
1191 306 1464 358 habeatur.

29 392 279 450 917Hunc
299 390 467 454 igitur
486 386 801 453 spectemus:
836 387 940 436 hoc
958 384 1291 451 propositum
1309 385 1467 436 nobis
1492 426 1494 429 ,

115 463 175 516 fit
211 466 540 532 exemplum:
620 465 712 514 ille
753 463 806 512 se
837 460 1112 530 profecisse
1152 461 1301 520 sciat,
1375 463 1465 512 cui

116 543 304 593 Cicero
349 543 502 591 valde
527 542 764 607 placebit.
846 542 1021 591 Multa
1046 540 1105 588 in
1125 536 1310 611 Afinio
1336 540 1552 593 Pol-'125

117 619 249 669 lione
268 621 528 678 inventio,
558 617 758 667 summa
778 618 1067 684 diligentia,
1108 617 1240 666 adeo
1264 628 1327 665 ut
1347 619 1467 682 qui-

115 691 339 747 busdam
374 698 530 746 etiam
567 697 731 746 nimia
765 695 1034 746 videatur:
1094 706 1147 743 et
1178 692 1383 744 consilii
1413 704 1467 742 et

113 774 285 822 animi
311 773 456 823 satis:
490 791 517 821 a
547 775 720 822 nitore
753 784 805 821 et
833 773 1166 834 jucunditate
1189 772 1465 823 Ciceronis

110 851 184 898 ita
215 851 373 916 longe
404 849 570 907 abest,
612 861 673 899 ut
702 850 875 899 videri
917 851 1063 916 possit
1093 848 1272 899 seculo
1300 850 1464 914 prior.

64 991 69 993 Δ
110 928 180 976 At
215 923 447 1000 Mqffala
482 927 685 975 nitidus
715 938 767 975 et
799 927 1076 985 candidus,
1118 938 1171 974 et
1203 926 1469 990 quodam-

113 1002 278 1052 modo
346 1001 647 1069 praeferens
710 1004 769 1052 in
831 1003 1059 1052 dicendo
1131 1003 1467 1051 nobilitatem

112 1075 257 1128 suam
271 1098 285 1139 ;
325 1081 533 1130 viribus
552 1082 744 1133 minor.
828 1082 882 1130 C.
903 1098 1033 1130 vero
1061 1075 1261 1150 Caesar
1281 1074 1314 1128 fi
1334 1068 1554 1129 foro'u4

112 1166 319 1206 tantum
354 1155 604 1229 yacaffet,
641 1175 752 1206 non
789 1158 923 1208 alius
962 1175 1026 1206 ex
1058 1155 1247 1207 nostris
1286 1167 1468 1210 contra

113 1234 429 1283 Ciceronem
457 1237 838 1284 nominaretur.
900 1246 1043 1284 tanta
1075 1236 1131 1283 in
1164 1236 1341 1284 eossvis
1377 1232 1468 1293 est,

112 1309 173 1358 id
218 1327 468 1370 acumen,
509 1329 569 1360 ea
617 1314 926 1371 concitatio,
966 1323 1029 1361 ut
1070 1313 1226 1360 illum
1269 1310 1466 1371 ‘eodem

116 1391 297 1438 animo
325 1387 521 1447 dixisse,
542 1406 653 1455 quo
679 1389 911 1448 bellavit,
938 1400 1192 1455 appareat.
1234 1383 1468 1444 Exornat

104 1495 249 1549 [beatas
285 1498 375 1551 (ubi
402 1509 504 1534 recte
534 1498 694 1534 videtur
727 1500 935 1536 admonere
960 1499 1117 1535 Uliicus
1149 1501 1197 1538 V.
1221 1499 1264 1535 C.
1298 1499 1467 1548 primam

111 1566 270 1593 manum
299 1554 551 1595 intellectam,
591 1557 693 1603 quast
731 1556 820 1592 esset
853 1557 949 1592 idem
975 1556 1134 1606 secutus,
1175 1555 1411 1606 compendio
1444 1554 1473 1590 c*

111 1622 267 1660 accepto
295 1624 368 1660 pro
401 1616 488 1656 em).
519 1613 650 1660 Camp.
673 1613 771 1650 Jens.
805 1613 870 1657 (de
893 1613 1012 1649 Goth.
1047 1627 1120 1650 err.
1145 1613 1272 1655 Gefn.)
1305 1613 1344 1647 id
1367 1609 1417 1660 eft
1437 1626 1466 1648 c.

111 1679 200 1708 cum
222 1667 306 1703 edd.
335 1679 421 1704 ante
443 1668 534 1703 Bad.
768 1683 866 1705 nom.
890 1668 962 1718 sed
992 1670 1036 1705 el.
1066 1671 1154 1705 Hoc
1180 1668 1318 1704 ordine
1330 1669 1466 1704 Turic.

110 1721 214 1760 Flor.
237 1723 366 1760 Guelf.
391 1725 508 1761 Goth.
533 1738 745 1775 omnesque
771 1727 867 1762 Mss.
891 1737 927 1762 et
949 1725 1047 1762 editi
1067 1737 1152 1762 ante
1172 1724 1282 1762 Bam.
1307 1723 1468 1774 Reliqui

108 1790 261 1829 praeter
282 1781 390 1816 Gesn.
413 1781 501 1829 Bip.
525 1781 559 1830 s.
583 1797 613 1817 e.
637 1797 672 1818 n.
1350 1824 1352 1826 ,

123 1883 127 1885 λ
202 1845 290 1880 ¹²3·
324 1838 497 1872 inventio.
528 1839 660 1876 Turio.
691 1839 795 1875 Flor.
825 1841 963 1875 ventio.
994 1837 1072 1873 Hic
1096 1851 1115 1872 a
1137 1838 1206 1874 sec.
1230 1852 1282 1875 m.
1306 1832 1466 1879 inienio,

111 1903 148 1929 et
177 1894 226 1927 fic
265 1892 392 1928 Guelf.
427 1907 515 1929 cum
544 1895 661 1931 Goth.
695 1898 810 1932 Bern.
847 1897 945 1934 Jens.
977 1896 1094 1931 Tarv.
1318 1893 1463 1944 seculo.

108 1949 208 1988 Jens.
229 1948 394 1997 secundo
430 1962 518 1986 cum
551 1952 635 1988 edd.
669 1953 828 2002 posterr.
863 1964 948 1988 ante
979 1950 1068 1987 Ald.
1099 1963 1180 1986 non
1203 1951 1337 2000 Camp.
1373 1952 1469 1987 Cor-

107 2005 244 2043 rexifl'e
267 2018 315 2040 ex
335 2006 497 2055 ingenio
522 2009 689 2056 Regium
711 2009 857 2045 fatetun
874 2009 1032 2044 Badius.
1238 2006 1467 2055 praeferens.

107 2061 202 2097 vide
224 2061 271 2096 ad
297 2061 346 2103 6,
379 2074 426 2103 2,
462 2069 526 2107 14.
570 2066 757 2101 accedunt
787 2065 890 2101 Flor.
925 2064 1044 2101 Goth.
1075 2063 1166 2111 (tac.
1199 2064 1329 2107 Gesn.)
1364 2062 1465 2100 Ahn.

108 2116 214 2154 Voss‘.
249 2130 282 2153 1.
317 2126 354 2153 2.
388 2127 424 2160 3.
486 2119 648 2168 Reliqui
676 2136 766 2168 prae
793 2121 837 2169 se
860 2120 998 2168 ferens.
1224 2122 1264 2156 in
1293 2120 1465 2156 dicendo.

109 2172 244 2208 Turic-
271 2173 491 2215 incidendo,
522 2189 542 2210 a
563 2176 631 2212 [ee.
654 2190 706 2213 m.
732 2178 945 2213 incedendo.

198 2235 288 2273 114.
325 2232 363 2266 C.
385 2245 483 2266 vero.
519 2231 648 2280 Camp.
685 2233 732 2269 G.
756 2247 854 2270 vero.
882 2233 930 2270 cf.
959 2246 994 2274 1,
1028 2242 1066 2276 7,
1100 2237 1166 2277 28.
1198 2237 1236 2279 4,
1270 2241 1307 2277 3,
1345 2241 1405 2277 13·

192 2286 298 2322 alius.
310 2286 443 2322 Turio.
457 2287 559 2323 Flor.
576 2290 614 2333 (a
629 2302 686 2337 pr.
699 2303 751 2324 m.
766 2290 947 2338 uterque)
970 2289 1086 2324 aliud.
1231 2302 1391 2331 acumen,
1407 2303 1464 2326 ea.

117 2341 252 2378 Turio.
282 2341 386 2379 Flor.
416 2343 502 2388 (hio
523 2344 639 2380 etiam
663 2360 731 2382 aen
744 2359 758 2386 ,-
797 2359 816 2380 a
836 2359 895 2395 pr.
916 2358 968 2382 m.
992 2347 1174 2394 uterque)
1205 2356 1325 2381 actum
1347 2361 1391 2382 en
1410 2360 1465 2383 ea.

107 2446 251 2482 „regno
295 2432 481 2484 forenfi.“
558 2435 758 2471 Gesnerus.
816 2435 958 2477 „detur
995 2435 1097 2470 mihi
1131 2436 1234 2472 inter
1260 2436 1467 2474 Menenios

107 2488 169 2524 Ad
191 2489 362 2538 priorem
397 2490 528 2526 locum
549 2503 651 2527 recte
675 2494 757 2527 Ma-
814 2503 881 2533 „et
904 2492 1051 2540 Appios
1073 2492 1294 2529 studuiffe.“

108 2546 244 2582 nutius
304 2545 469 2582 alterum
507 2548 759 2584 ‘demonstrat
874 2547 1052 2597 Nleffida.
1085 2549 1132 2584 cf.
1162 2564 1191 2589 1,
1217 2557 1252 2593 5,
1283 2558 1345 2594 15.
1377 2549 1462 2593 add.

109 2613 182 2650 pro
203 2601 308 2638 Sulla
332 2613 368 2647 7.
815 2605 921 2644 Voff.
945 2606 990 2639 de
1014 2605 1109 2640 Hist.
1135 2606 1219 2641 Lat.
1241 2609 1281 2646 J,
1311 2621 1349 2656 p.
1372 2613 1439 2652 88.

171 2668 260 2703 115·
281 2659 407 2708 seculo
431 2663 546 2711 prior.
580 2662 626 2697 cf.
651 2660 757 2697 Dial.
880 2675 895 2695 1
911 2667 972 2705 ¹4·
1020 2662 1148 2696 eodem
1181 2665 1305 2701 animo
1324 2679 1380 2692 ·--
1400 2677 1466 2712 ap-

112 2713 158 2750 de
176 2717 262 2753 vorr.>
282 2727 347 2753 21.
406 2719 668 2760 „As1111us·—
697 2718 758 2755 vi·
815 2726 960 2767 pareat.
1028 2717 1240 2767 Comparat
1278 2723 1466 2756 Burman-

913 2775 1003 2810 G2
