1676 3028
367 250 531 300 INST.
567 250 845 302 ORATOR..
881 247 1005 295 Lm.
1036 248 1133 305 XI,
1175 260 1218 303 3.
1356 256 1455 306 409

108 380 222 432 “luo
243 384 484 446 jungens,
523 375 733 427 remiffis
753 375 957 434 ceteris',
997 373 1075 423 eft
1090 385 1142 423 et
1164 372 1460 441 approban-

109 456 290 517 fibus,
327 468 379 506 et
403 455 762 513 narrantibus,
801 463 853 502 et
883 449 1332 518 distinguentibus
1368 448 1461 498 de-

114 552 297 586 corus.
360 535 464 585 Cui
493 550 606 584 non
633 530 902 590 emimus,
924 529 1027 580 *sed
1052 526 1342 597 compreffis
1367 527 1536 577 tri-²0²

118 711 289 762 Reliqui
323 711 464 761 pollici.
523 713 633 749 Hane
662 712 890 762 scripturam
912 711 982 762 qui
1001 721 1150 751 teneat,
1177 707 1464 758 nemogestum

126 769 320 818 expediet.
381 770 514 817 Qualis
539 771 640 807 enim
665 769 911 819 suu5·indit:'i
939 769 989 805 est
1013 769 1170 818 pollex?
1198 769 1261 804 An
1291 765 1465 814 ejusdem

125 839 287 867 manns,
322 827 431 873 cujus
456 824 492 864 et
510 826 620 877 ipse?
650 829 781 876 Apage
801 827 886 863 istas
907 825 1096 875 ambages.
1134 824 1341 861 Genitivus
1365 820 1465 858 [olus

116 883 290 934 probam
313 882 533 919 sententiam
557 884 738 932 praestat,
769 883 841 919 ubi
862 883 971 919 index
990 882 1215 932 (proximus
1241 879 1381 929 pollici
1408 877 1466 913 di·

122 938 260 988 ginis)
293 939 453 975 medium
482 940 631 989 pollicis
663 953 818 988 unguem
839 939 984 990 summo
1008 937 1080 988 suo
1110 938 1281 984 (indicis
1313 934 1467 985 ungui)

120 996 261 1044 jungit.
315 987 504 1045 Displi'cit
521 1008 648 1033 tamen
667 995 733 1042 vel
754 996 820 1031 hie
837 996 1004 1032 verbum
1022 995 1219 1043 jungendi,
1250 992 1466 1041 malimque

122 1064 214 1102 prae
229 1049 302 1101 suo
319 1053 478 1100 jungens
496 1053 617 1089 haec:
634 1052 706 1102 suo
733 1054 972 1100 contingens,
1002 1064 1081 1088 non
1107 1052 1202 1087 adeo
1225 1049 1320 1086 dura
1340 1059 1464 1085 muta·

117 1109 247 1158 tione.
293 1103 351 1143 >Iu
383 1110 696 1148 antecedentibus
725 1120 852 1145 autem
885 1108 1002 1159 longe
1027 1108 1127 1144 abest
1155 1118 1200 1143 ut
1219 1106 1464 1156 acquiescam.

123 1165 301 1202 Primum
323 1179 390 1214 que
414 1166 662 1207 encliticam,
697 1166 783 1216 post
803 1164 982 1208 medium,
1014 1165 1085 1214 qui
1106 1164 1199 1202 ferri
1216 1163 1351 1214 poffit‚
1383 1174 1463 1198 non

125 1221 259 1258 video.
296 1221 397 1259 Nam
420 1224 529 1271 quod
545 1225 733 1271 proximus
754 1223 803 1258 est
818 1222 962 1271 pollici,
994 1232 1127 1258 natura
1145 1221 1265 1270 ipsius
1286 1220 1335 1255 fit
1355 1216 1471 1268 digiti

129 1287 168 1312 et
186 1277 331 1314 fabrica
355 1281 532 1328 eorporis
548 1280 723 1320 humani,
738 1279 804 1314 cui
823 1279 947 1327 gestus
967 1278 1035 1314 ille
1049 1279 1232 1326 jungendi
1257 1289 1336 1312 non
1350 1274 1473 1325 potest

130 1332 316 1382 applicari
337 1347 405 1383 per
426 1336 655 1384 particulam
680 1350 761 1386 que,
794 1335 900 1384 quasi
917 1334 982 1370 vel
1002 1335 1154 1382 junctio
1173 1333 1238 1368 ista
1259 1332 1406 1382 pariter
1426 1330 1474 1366 sit

122 1390 358 1438 -rempitexne
388 1391 454 1427 vel
482 1393 627 1428 vicinia
658 1392 816 1441 pollicis
849 1401 886 1426 et
912 1391 1054 1427 indicis
1073 1391 1210 1427 itidem
1231 1403 1250 1425 a
1268 1388 1473 1425 voluntate

128 1446 306 1495 pendeat.
374 1449 531 1484 Deinde
562 1449 733 1485 Vetustae
764 1447 856 1484 illae
887 1448 1094 1496 scripturae
1126 1447 1212 1482 satis
1255 1444 1472 1485 ostendunt,

130 1503 239 1550 quod
270 1502 336 1539 vel
365 1503 509 1552 absque
536 1504 586 1541 iis
618 1505 792 1552 patebat,
823 1503 942 1540 verba
971 1517 1044 1553 qua
1070 1504 1199 1539 dexter
1228 1499 1279 1549 eft
1307 1501 1473 1545 minime

127 1559 212 1610 sana
244 1560 341 1603 effe;
372 1573 443 1596 nee
464 1561 551 1599 VV.
575 1562 668 1597 DD.
699 1560 802 1597 nihil
832 1559 898 1595 hic
929 1570 1155 1602 monentes,
1185 1558 1250 1594 vel
1275 1559 1387 1607 capio
1409 1555 1476 1594 vel

126 1617 225 1654 fero.
280 1616 416 1653 Doleo
449 1628 577 1653 tamen
610 1629 647 1653 et
671 1618 892 1658 subirascor,
925 1617 1033 1666 quod
1062 1617 1167 1653 nihil
1186 1616 1262 1664 ipse
1288 1615 1476 1651 extundo.

127 1674 271 1723 Neque
293 1674 504 1714 eninrsatis
534 1675 733 1723 acquiesco
766 1674 809 1709 in
838 1686 884 1708 eo
919 1673 1027 1722 quod
1055 1673 1244 1711 succurrit
1272 1685 1291 1707 e
1320 1672 1352 1716 ᾗ.
1384 1682 1475 1719 ¹⁰9·

130 1731 290 1766 medium
324 1732 414 1779 (qui
431 1749 488 1757 —
505 1730 571 1766 vel
602 1744 810 1779 quanquam
830 1749 884 1758 -
903 1740 1048 1766 tantum
1075 1728 1196 1780 gestus
1228 1730 1358 1765 dexter
1387 1725 1476 1777 est).

130 1785 240 1822 Illud
269 1796 398 1822 autem
425 1789 641 1834 contingens
665 1788 888 1822 Andreanae
902 1811 913 1827 ,
946 1799 966 1820 a
985 1787 1211 1835 corrigente
1232 1786 1339 1822 haud
1360 1785 1478 1821 dubie

133 1851 301 1883 erutum,
333 1854 458 1890 neque
479 1842 660 1878 ductibus
679 1842 880 1879 veteribus
900 1842 1080 1879 satisfacit
1104 1856 1230 1891 neque
1250 1841 1478 1878 structuram

132 1897 325 1946 relinquit
351 1898 595 1947 probabilem
633 1899 810 1948 sequente
840 1899 1010 1947 jungens.
1070 1899 1245 1935 Maxime
1277 1897 1480 1934 blanditur

133 1954 286 1989 dextrae
308 1955 376 1999 (ef.
404 1957 515 2004 109.)
540 1968 697 2003 unguem
727 1955 834 1992 facili
859 1955 1155 1992 continuatione
1176 1956 1361 1991 structum
1376 1980 1386 1995 ,
1416 1953 1479 1990 sed

135 2009 266 2050 obstat,
281 2011 351 2060 qui
370 2011 549 2052 insertur,
564 2011 763 2061 genitivus
781 2012 877 2049 alter
894 2011 1065 2060 pollicis,-
1085 2023 1122 2048 et
1142 2022 1269 2048 tamen
1279 2006 1483 2046 remanent

134 2065 206 2101 illa
232 2067 364 2102 Turic-
399 2067 503 2104 Flor.
535 2067 638 2103 Alm.
669 2070 836 2105 monstra
864 2069 1184 2117 procurationem
1218 2066 1482 2104 desiderantia.

134 2122 183 2157 Id
205 2123 363 2170 quidem
390 2133 536 2165 teneo,'
557 2124 767 2172 interjectis
790 2126 869 2162 istis
900 2124 1111 2173 significari
1132 2137 1302 2174 unguem
1322 2123 1483 2173 pollicis

134 2179 178 2214 in
199 2179 333 2215 dextra
349 2193 491 2222 mauu,
523 2193 571 2216 ne
594 2179 696 2217 forte
720 2183 808 2232 quis
839 2181 980 2223 credat,
1013 2182 1175 2232 perinde
1200 2181 1285 2221 effe,
1310 2181 1354 2216 in
1380 2191 1483 2216 utra-

136 2247 293 2283 cunque
327 2236 396 2272 fiat
427 2238 564 2284 gestus.
623 2237 684 2273 Eo
713 2239 905 2280 deducor,
938 2239 1029 2287 quia
1058 2252 1154 2274 mox
1175 2239 1216 2274 in
1238 2237 1343 2285 gefiu
1371 2237 1485 2272 Grae-

137 2304 275 2328 corum
300 2292 552 2340 sophistarum
582 2293 676 2330 huic
696 2296 826 2331 nostro
849 2295 970 2330 simili
994 2295 1178 2342 adjicitur
1201 2297 1312 2330 etiam
1333 2302 1487 2342 utraque

136 2360 259 2384 manu.
317 2349 403 2385 Nec
434 2360 562 2386 tamen
592 2363 637 2386 eo
672 2352 797 2400 magis
827 2352 910 2387 fero
945 2350 1103 2399 unguem
1125 2336 1238 2400 ju'ngi
1267 2365 1339 2401 qua
1360 2350 1486 2387 dexter

139 2399 204 2450 est.
261 2406 450 2451 Expectat
471 2406 581 2442 locus
604 2406 702 2442 felix
726 2407 888 2456 aliquod
911 2407 1043 2444 critici
1063 2420 1240 2444 acumen.

118 2468 131 2477 ”
255 2468 293 2496 et
312 2463 560 2502 narrantibus.
591 2463 725 2502 Turio.
749 2477 826 2502 om.
851 2473 900 2502 et.

234 2582 326 2611 102.
358 2574 579 2626 compreffis.
607 2576 740 2616 Turio.
760 2579 895 2616 Ambr.
916 2591 953 2616 2.
986 2579 1115 2618 Guelf.
1141 2580 1271 2628 camp.
1293 2577 1486 2628 eompletis

144 2641 232 2670 “um
252 2631 356 2669 Voss'.
386 2646 420 2667 1·
442 2641 481 2675 5-
508 2634 693 2682 complitis
712 2636 818 2672 Flor.
842 2650 930 2673 cum
953 2636 1056 2674 Alm.
1077 2636 1144 2685 (cf.
1165 2638 1263 2686 99.).
1285 2635 1488 2683 complexis

147 2686 265 2722 Goth·
287 2700 375 2722 eum
394 2689 497 2726 Voss'.
522 2701 556 2726 2.
592 2690 796 2742 Vulg'atam
822 2694 1070 2730 commendat
1089 2695 1120 2739 ᾖ.
1135 2699 1201 2743 94.
1234 2692 1360 2728 Modo
1380 2691 1486 2727 Flor-

143 2754 220 2778 ποη
247 2742 408 2792 εἰὶΠῐηιίς.
441 2746 545 2781 Voss'.
578 2761 610 2781 1·
643 2756 680 2791 3.
711 2748 948 2799 incliffi‘milis.
981 2751 1115 2790 Turie.
1142 2752 1275 2798 Camp.
1297 2748 1489 2784 omittunt

145 2797 355 2846 plurimum.
388 2801 517 2840 Guelf.
546 2803 693 2842 Eadem
720 2818 793 2856 pro
827 2809 951 2844 etiam.
982 2808 1114 2844 Turic-
1137 2806 1241 2845 flor.
1257 2803 1329 2856 sua
1347 2818 1385 2853 g.
1408 2816 1494 2840 con-
