1696 3016
279 164 443 211 INST.
491 161 770 209 ORATOR.
820 161 942 244 LHJ.
989 161 1062 217 X,
1106 172 1149 206 1.
1341 173 1403 218 27

57 309 275 360 quoque
306 293 443 341 alere
465 291 759 342 orationem
782 288 1015 354 quodam
1043 287 1199 339 uberi
1218 293 1407 351 jucun-

58 370 238 436 doque
282 368 437 419 succo
474 367 658 435 potest.
754 370 953 416 Verum
999 376 1050 415 et
1087 365 1195 432 ipsa
1230 365 1297 415 fic
1333 365 1408 414 est

56 439 308 514 legenda,
361 457 421 495 ut
449 445 697 504 sciamus,
733 445 1011 511 plerasque
1043 448 1155 505 ejus
1179 445 1407 493 virtutes

57 525 256 574 oratori
283 520 382 572 effe
416 523 668 572 vitandas.
744 518 831 570 Est
856 522 999 570 enim
1021 523 1263 587 proxima
1281 525 1408 587 po‘e-

56 602 150 660 tis,
186 612 238 649 et
257 599 657 665 quodammodo
680 615 889 648 carmen
908 596 1170 648 solutum:
1214 609 1266 647 et
1287 597 1411 647 scri-

54 676 205 728 bitur
258 677 325 726 acl
370 677 720 734 narrandum,
769 692 883 724 non
926 675 992 747 qd.
1037 675 1408 742 probandum:

57 765 341 821 totumque
366 771 503 820 opus
522 771 635 804 non
653 753 719 802 ad.
738 764 913 802 actum
934 754 1028 812 rei,
1067 769 1410 819 pugnamque

58 829 407 898 praesentem,
436 829 526 879 sed.
551 830 616 878 ad.
638 831 951 879 memoriam
975 829 1288 896 posteritatis
1304 868 1319 891 ‚
1358 840 1410 877 et

58 907 262 972 ingenii
286 905 480 955 famam
501 908 868 972 componitur:
909 905 1141 973 ideoque
1163 918 1214 955 et
1232 907 1411 956 verbis

56 984 461 1042 remotioribus,
502 994 554 1032 et
585 983 927 1032 liberioribus
953 982 1136 1049 figuris
1160 983 1409 1032 narrandi

58 1058 298 1110 taedium
333 1063 508 1111 evitat.
585 1062 796 1125 Itaque,
835 1068 899 1108 ut
928 1059 1067 1120 dixi,
1105 1077 1282 1126 neque
1313 1061 1405 1110 illa
1431 1075 1484 1111 52

143 1223 208 1258 51.
240 1214 402 1264 quodam
424 1214 538 1250 uberi.
580 1213 713 1250 'rm-ie.
733 1213 838 1250 Flor.
858 1210 987 1250 Guelf.
1011 1227 1044 1263 q.
1064 1217 1213 1251 moveri.
1249 1214 1412 1264 Reliqui

57 1284 93 1320 q.
136 1270 252 1306 molli.
329 1271 516 1308 Nestrum
558 1285 577 1307 e
621 1271 852 1317 conjectura.
929 1271 992 1306 S‘ic
1028 1284 1124 1307 mox
1163 1281 1228 1316 53.
1276 1273 1411 1309 Turic-

57 1327 204 1364 mutiles
229 1326 314 1376 post
344 1327 646 1376 Xenophontem.
867 1325 990 1376 succo.
1028 1327 1132 1362 Flor.
1165 1327 1292 1364 Guelf.
1318 1328 1410 1378 suco

57 1395 149 1433 pum
183 1382 303 1419 Goth.
374 1383 593 1420 Praefertur
635 1397 655 1418 a
695 1381 919 1422 nonnullis,
970 1383 1302 1420 animadvertente
1334 1386 1414 1430 jam

57 1440 173 1476 Gesn.
217 1439 265 1475 cf.
295 1439 460 1475 Forceu.
490 1441 532 1475 in
560 1453 601 1476 v.
835 1448 871 1474 et
893 1438 1080 1488 scribitur.
1141 1441 1274 1476 Tui-ic.
1306 1441 1412 1478 Flor.

53 1495 106 1542 (a
125 1507 184 1544 pr.
204 1509 257 1530 m.
278 1497 423 1544 uterq.)
458 1493 508 1544 est
530 1505 567 1531 et
577 1495 787 1545 scribantur
815 1497 936 1539 (cum
957 1495 1060 1531 Alm.
1095 1509 1176 1533 non
1195 1508 1414 1533 memorato

54 1561 185 1588 tamen
215 1548 290 1600 est)
331 1566 349 1587 a
381 1553 450 1588 sec.
480 1549 531 1601 eft
559 1561 595 1587 et
617 1550 840 1600 scribuntur,
873 1563 911 1588 et
935 1554 984 1588 fic
1015 1553 1142 1589 Guelf.
1176 1567 1265 1589 cum
1293 1553 1415 1590 Goth.

54 1607 162 1645 voff.
197 1617 235 1644 2.
267 1618 304 1644 et
333 1608 418 1644 edd.
448 1620 534 1644 ante
565 1607 671 1644 Bam.
703 1621 784 1644 exc·
818 1610 950 1658 Camp.
984 1610 1054 1658 qui
1083 1607 1134 1658 est
1167 1619 1203 1645 et:
1226 1609 1414 1660 scribitur.

57 1663 166 1711 Quid
194 1663 310 1700 lateat
326 1664 462 1700 frustra
484 1678 642 1713 quaero.
701 1665 804 1701 Nam
827 1667 854 1700 fi
872 1666 1042 1701 maxime
1063 1667 1280 1715 reposueris
1302 1676 1338 1703 et
1359 1678 1416 1702 res

50 1719 338 1770 scribuntursad
357 1722 544 1758 vetustam
567 1722 794 1770 scripturam
814 1736 863 1757 ne
884 1724 932 1758 fic
952 1722 1112 1771 quidem
1133 1724 1300 1760 accedes.

143 1777 195 1812 acl
213 1784 346 1814 actum.
406 1778 539 1814 Turio.
562 1778 612 1814 ad
633 1787 760 1814 tutum.
820 1778 925 1814 Flor.
948 1794 971 1814 α
997 1788 1145 1815 tactum.
1206 1779 1279 1815 Ille
1305 1794 1324 1815 a
1344 1780 1413 1816 sec.

55 1846 112 1870 m·
143 1833 194 1868 acl
223 1835 407 1876 intuitum,
439 1845 477 1870 et
507 1835 554 1869 fic
590 1833 718 1870 Guelf.
753 1835 886 1883 Camp.
916 1849 1005 1871 cum
1027 1835 1147 1872 Goth.
1179 1836 1283 1874 Voff.
1307 1846 1343 1872 2.
1377 1847 1417 1872 et

59 1889 146 1926 edd.
168 1900 254 1925 ante
271 1889 380 1925 Bafil.
399 1903 473 1926 acc.
499 1890 597 1927 Obr.
807 1892 1078 1934 remotioribus,
1112 1901 1149 1929 et
1168 1893 1413 1929 liberioribus.

58 1946 124 1982 Sic
145 1945 249 1983 Flor.
271 1948 320 1992 (a
340 1947 409 1984 sec.
429 1950 509 1993 m.)
541 1948 675 1998 Camp.
698 1948 817 1986 Goth.
847 1950 948 1994 (tac.
969 1949 1104 1995 Gesn.)
1138 1962 1228 1986 cum
1250 1950 1355 1989 Voss'.
1378 1960 1415 1985 2.

119 2089 187 2124 51.
219 2080 511 2131 uberi—succo.
538 2083 586 2119 cf.
606 2082 708 2120 Plin.
766 2082 876 2125 loca,
907 2097 997 2120 cum
1023 2082 1160 2120 multis
1180 2083 1312 2124 nostri,
1344 2083 1418 2120 ubi

62 2136 114 2172 H.
135 2136 190 2172 N.
215 2146 276 2180 13,
298 2143 336 2184 4.
367 2139 392 2174 s.
411 2144 451 2185 ζ).
480 2152 567 2187 pag.
587 2139 710 2176 Hard.
766 2154 916 2189 pugnae
936 2139 1101 2190 forensis
1127 2140 1300 2180 mentio,
1340 2139 1420 2176 huo

6 2227 10 2230 .
67 2192 164 2237 635.
189 2204 396 2240 „caryotae
409 2213 461 2220 --
471 2194 582 2230 succo
599 2195 713 2230 uber·
767 2198 892 2244 magis
906 2197 1082 2232 existimo
1095 2196 1290 2245 pertinere
1303 2209 1421 2246 quam

62 2249 251 2291 „rimae“.
317 2248 537 2299 Saepiffime
563 2252 715 2299 pinguis
770 2251 874 2286 illud
894 2256 1016 2297 κτῆμα
1043 2264 1080 2288 et
1097 2252 1289 2301 ἀγώνισμα
1309 2251 1420 2288 Thu-

54 2302 187 2355 [μεσπι
221 2305 378 2341 dicitur.
760 2308 939 2356 ·cydidis,
962 2322 1041 2358 quo
1066 2308 1160 2344 hine
1179 2309 1422 2344 dimittimur

118 2363 251 2411 poiitis.
290 2363 472 2412 Suspicor
499 2362 713 2413 legendum
771 2377 793 2399 a
823 2365 1018 2406 Gesnero,
1058 2365 1254 2415 Pliniique
1285 2365 1422 2401 locum

60 2416 175 2468 poefi.
760 2421 890 2471 Epist.
914 2428 949 2466 5,
970 2428 1008 2467 8,
1037 2435 1100 2459 ιι.

119 2482 158 2509 et
171 2473 360 2524 scribitur.
393 2476 441 2514 cf.
462 2487 544 2514 not.
567 2477 653 2514 crit.

118 2530 169 2565 ad
198 2541 319 2568 actum
337 2547 583 2582 —pugnam.
640 2536 714 2571 Fo-
773 2568 820 2593 ut
841 2563 877 2601 4,
902 2565 938 2597 2,
961 2556 1027 2601 36⁸
1055 2564 1092 2603 3,
1116 2569 1154 2601 2,
1180 2568 1252 2595 ²2:
1286 2565 1310 2603 8
1328 2560 1420 2596 Pro.

63 2599 156 2623 xum
186 2587 427 2637 defiguntur,
458 2589 571 2626 velut
598 2600 648 2635 7,
678 2602 717 2632 2,

16 2648 19 2655 '
65 2646 134 2691 41.
168 2650 205 2688 5,
243 2654 305 2684 12,
333 2655 396 2691 17.
425 2646 508 2683 cic.
540 2645 587 2682 de
609 2647 717 2684 Orat.
779 2620 844 2658 ²8⁰

73 2711 113 2743 a,
133 2705 200 2745 54.
240 2702 350 2739 Brut.
371 2713 407 2751 9.
439 2714 537 2753 quae
559 2704 719 2753 quidem
836 2713 902 2750 52.
933 2713 974 2742 ut
993 2702 1086 2742 dixi.
1117 2711 1155 2751 4,
1179 2714 1216 2749 2,
1242 2712 1305 2751 45.

829 2501 949 2536 verbis
970 2501 1236 2538 remotioribus.
1267 2501 1314 2538 ab
1339 2501 1420 2542 usu,
