1696 3016
357 145 520 191 INST.
567 143 846 190 ORATOR.
894 143 1014 194 121ss.
1059 143 1130 198 X,
1183 146 1223 186 t.
1395 151 1458 196 25

109 291 324 343 quoque
397 273 577 337 aliquo
635 270 842 332 juvari:
921 267 1069 335 quod
1129 268 1333 334 alligata
1394 267 1461 317 ad
1485 284 1535 323 29

110 363 302 402 certam
345 349 548 416 pedum
590 344 938 396 necessitatem
985 362 1098 396 non
1140 343 1344 411 semper
1377 347 1461 394 uti

109 428 341 496 propriis
369 425 517 493 poffit
534 462 547 483 ,
582 423 672 472 sed
693 421 907 490 depulsa
930 433 1068 472 recta
1089 422 1201 479 via,
1242 419 1464 471 neceffa-

109 507 203 558 rio*
225 504 291 554 ad
325 501 616 568 eloquendi
648 500 906 567 quaedam
928 499 1252 548 deverticula
1274 498 1464 550 confu-

110 584 241 649 giat:
290 597 387 630 nec
420 589 624 628 mutare
652 577 908 644 quaedam
939 575 1103 626 modo
1134 576 1321 633 verba,
1372 575 1464 625 sed

113 658 422 716 extendere,
486 656 777 721 corripere,
831 663 1169 710 convertere,
1219 651 1463 701 dividere

113 746 354 802 cogatur:
415 751 514 783 nos
542 748 672 781 vero
709 742 933 781 armatos
968 729 1098 779 stare
1130 731 1188 778 in
1219 731 1357 788 acie,
1415 740 1466 778 et

23 811 335 866 eafisummis
366 809 432 860 de
465 810 623 859 rebus
660 807 967 867 decernere,
1009 818 1060 856 et
1097 807 1164 856 ad
1186 806 1466 858 victoriam

190 944 341 990 juvari.-
371 943 481 992 quod.
539 939 648 981 Vall.r
674 941 765 978 Bad.
795 943 922 986 juvari
950 939 1091 989 poscit.-
1130 941 1240 989 quod.

195 999 356 1047 dligata
372 1019 428 1026 ——-
448 997 560 1049 poffit
579 1017 631 1025 --
652 996 805 1047 depulsa
834 1006 932 1032 recta
954 1016 1006 1025 -·
1026 997 1464 1045 confugiat—cogatur.

112 1057 177 1093 Sic
206 1054 339 1093 Turio.
369 1054 472 1091 Flor.
506 1055 593 1100 (nist
622 1054 728 1103 quod
750 1053 816 1089 hic
838 1052 1052 1102 alligatam)
1083 1052 1211 1090 Guelf.
1271 1053 1346 1088 Sed
1365 1053 1463 1091 Jens.

112 1114 232 1149 Tarv.
273 1112 434 1163 alligata
453 1131 507 1139 —
526 1106 646 1161 poscit
674 1110 778 1156 (hoc
810 1120 847 1145 et
876 1108 977 1147 vall.
1006 1109 1098 1145 Bad.
1130 1120 1168 1145 et
1194 1109 1347 1158 aliquot
1377 1109 1464 1146 edd.

112 1180 172 1219 ap.
211 1169 373 1214 Burm.)
416 1189 471 1197 —
527 1165 662 1217 repulfi
692 1182 715 1202 a
745 1176 843 1202 recca
870 1186 920 1193 —
948 1164 1168 1213 confugiant
1190 1183 1243 1193 —
1271 1175 1465 1213 cogantur.

111 1224 274 1274 Reliqui
305 1229 504 1274 (quorum
538 1235 576 1260 et
607 1223 770 1272 Camp.)
811 1223 960 1271 alligati
979 1242 1034 1249 —
1051 1221 1190 1272 poffint
1207 1243 1262 1250 -—
1281 1221 1422 1272 depulsi
1441 1235 1467 1257 a

112 1290 212 1318 recta
225 1300 272 1308 —
287 1280 508 1330 confugiant
522 1300 569 1310 --
583 1288 776 1328 cogantur.
835 1279 940 1314 Hinc
960 1279 1149 1314 recedunt
1169 1290 1322 1315 eatenus
1346 1278 1464 1316 Goth.

44 1359 46 1361 v
111 1335 217 1387 (err.
242 1338 385 1382 Gesn.)
415 1338 519 1375 Voss'.
543 1346 580 1373 2.
620 1337 728 1384 quod
751 1333 1109 1385 alligata—poffic.
1168 1335 1256 1371 Ald.
1278 1334 1412 1385 repulfi
1429 1349 1464 1371 α.

110 1393 220 1430 Bam.
252 1394 449 1442 alligatum
468 1407 524 1420 ·-—
541 1391 716 1443 poffit'—
728 1391 920 1441 depulsum
943 1391 1468 1440 a—confugiat—-cogatur

87 1450 288 1486 ·consulto
318 1450 613 1486 accommodans
641 1449 686 1484 ad
716 1462 842 1497 genus.
1076 1451 1131 1483 uti
1157 1451 1330 1497 propriis.
1404 1447 1468 1482 Sic

110 1505 216 1543 Flor.
251 1507 383 1555 Camp.
413 1505 530 1542 Goth.
562 1507 660 1544 Jens.
691 1505 792 1553 (tac.
825 1505 969 1552 Gesn.)
997 1518 1086 1541 cum
1120 1505 1206 1541 edd.
1236 1515 1322 1540 ante
1357 1503 1466 1539 Bam.

113 1565 152 1598 in
169 1564 331 1612 propriis
359 1562 488 1599 Turio.
512 1561 639 1602 Guelf.
659 1561 820 1610 Reliqui
848 1563 1010 1611 propriis
1034 1563 1100 1597 uti.

112 1619 305 1670 quaedam.
343 1619 475 1657 Turio.
498 1618 602 1659 Flor.
637 1621 674 1664 (a
694 1631 754 1669 pr.
776 1631 828 1656 m,
854 1619 999 1667 uterq.)
1036 1632 1082 1654 m.
1107 1632 1187 1670 que.

1325 1568 1468 1596 mutare

115 1731 253 1769 Simile
275 1732 393 1782 quid,
425 1734 489 1769 etfi
509 1733 639 1771 nostro
662 1731 762 1768 mol·
818 1731 939 1768 modo
965 1744 1039 1783 pro
1066 1744 1182 1779 genus
1202 1751 1258 1760 —
1280 1745 1470 1780 eompara-

113 1787 215 1830 lius,
249 1801 311 1830 ιο,
336 1799 374 1833 7,
399 1798 468 1834 31.
527 1789 588 1825 Ad
617 1803 763 1836 compa·
821 1799 898 1825 tum
930 1799 1093 1838 reponant
1126 1798 1276 1835 gentem
1296 1809 1350 1817 —-
1371 1802 1470 1824 com·

114 1845 468 1891 rutumvsubaudies
500 1843 572 1896 effe
604 1846 763 1882 referes·
818 1853 1003 1895 paratam.
1064 1836 1182 1893 Shepe
1212 1859 1303 1894 gens
1327 1845 1409 1881 abit
1427 1846 1472 1879 in

46 1949 49 1950 ⁷
116 1914 192 1951 que
217 1901 262 1937 ad
285 1904 564 1937 meminerimus.
821 1914 937 1950 genus
969 1911 1006 1936 et
1037 1901 1236 1950 genitivus
1257 1902 1471 1950 figurarum.

175 1969 239 2006 29.
273 1966 406 1994 certam
426 1959 562 2006 pedum
581 1957 764 2010 necestita-

115 2022 205 2054 tem.
234 2014 281 2051 cf.
308 2027 340 2054 1,
359 2020 397 2060 8,
424 2020 486 2060 14.

174 2070 333 2119 alligata
370 2090 425 2100 -—
465 2070 631 2121 depulsa.
694 2073 766 2107 Fe-

119 2126 268 2162 minina
319 2126 414 2163 haec
463 2128 765 2176 participiorum

120 2183 206 2218 sunt
229 2182 275 2217 ab
300 2182 503 2234 oblivione
529 2194 567 2218 et
590 2194 707 2232 grata,
739 2186 767 2220 sl

120 2238 187 2274 cui
207 2237 260 2272 ita
279 2237 468 2287 appellare
489 2235 620 2279 lubet,
643 2239 767 2287 negli-

119 2294 249 2346 gentia
282 2295 386 2341 ejus,
428 2294 499 2342 qui
531 2307 647 2343 genus
681 2296 768 2343 qui-

120 2349 230 2390 dem,
285 2351 394 2400 quod
425 2351 545 2386 modo
576 2351 767 2401 posuerat,

118 2405 266 2448 nollet,
296 2417 432 2456 utpote
453 2417 649 2448 neutrum,
680 2408 767 2443 diu-

110 2463 199 2499 tius
230 2462 501 2512 usurpareset
525 2477 595 2512 per
623 2465 768 2512 synefin

119 2518 359 2568 intelligeret
383 2521 515 2569 poesin
549 2520 626 2565 (ef.
655 2532 700 2568 9,
729 2530 767 2562 2,

122 2577 231 2622 79.)‚
269 2575 380 2612 ficati
409 2589 506 2612 mox
535 2576 586 2611 est
604 2574 767 2625 historia.

119 2631 277 2668 Nirniae
322 2633 427 2668 enim
465 2632 618 2668 fortass'e
649 2633 771 2670 fuerit

123 2688 301 2725 audaciae
355 2687 510 2726 criticae
529 2714 542 2730 ,
599 2690 628 2726 li
679 2689 769 2740 quis

821 1957 1036 1994 attrahebat
1068 1970 1207 2005 gemas,-
1236 1960 1303 1994 cui
1331 1957 1472 1993 deinde

822 2013 1183 2050 accommodaretur
1194 2014 1447 2063 participium
1459 2026 1471 2054 ;

823 2071 870 2106 cf.
893 2073 928 2118 §.
952 2079 1021 2114 31.
1083 2070 1124 2105 Si
1154 2071 1271 2105 effent
1301 2069 1369 2104 illa
1389 2081 1474 2118 par-

823 2127 958 2175 ticipia
978 2124 1185 2161 masculina
1205 2125 1372 2175 pluralia
1391 2125 1474 2161 alli-

822 2185 904 2230 gati
914 2201 970 2211 -ν
982 2180 1124 2231 depulfi
1148 2182 1191 2217 iu
1205 2181 1474 2218 'xretuftiffimis
1483 2184 1491 2210 “»

824 2238 960 2279 libris,
1004 2251 1093 2273 eum
1131 2238 1255 2274 Badio
1284 2238 1476 2287 interpre-

826 2304 926 2330 tax-er
964 2306 1080 2343 genus
1112 2293 1376 2330 subaudiendo
1409 2295 1475 2329 ho·

827 2353 965 2386 minum
985 2352 1049 2395 (ut
1066 2363 1125 2399 ap.
1145 2351 1257 2399 Virg.
1279 2351 1422 2399 Georg·
1443 2363 1475 2391 ι,

828 2407 892 2450 65.
924 2406 1097 2443 nostrum
1125 2421 1160 2446 1,
1189 2421 1223 2447 1,
1247 2409 1325 2452 8.),
1356 2417 1394 2442 et
1414 2418 1477 2456 ap-

826 2462 1030 2512 pofitionis
1051 2462 1139 2506 loco
1163 2462 1359 2504 haberem,
1390 2463 1476 2499 sub-

826 2520 973 2567 jectum
998 2519 1091 2556 voci
1115 2525 1257 2569 poiitas.
1311 2519 1370 2556 Cf.
1392 2530 1477 2556 not.

829 2586 915 2612 crit.

885 2630 1037 2682 depulsa
1063 2641 1162 2669 recta
1183 2634 1257 2669 via.
1293 2632 1342 2670 cf.
1369 2645 1415 2676 2,
1437 2641 1476 2679 3,

830 2701 867 2739 9.
897 2698 994 2729 recto
1022 2688 1158 2727 ‘itinere
1186 2688 1290 2741 lapfi.
