1696 3016
230 290 293 322 20
534 240 607 320 Μ.
651 276 782 321 FAB.
828 243 1234 335 QUlNTlLIANI

230 400 397 456 rium,
444 407 494 446 et
523 395 784 446 Hortensii
811 413 908 460 pro
937 399 1105 444 Verre.
1194 397 1336 464 Quin
1370 397 1540 454 etiam,

232 473 435 522 easdem
477 471 644 520 causas
680 482 740 520 ut
783 472 1004 535 quisque
1043 473 1229 534 egerit,
1275 472 1405 520 utile
1443 470 1558 519 erit¹

231 547 371 596 seire.
460 548 601 596 Nam
643 546 708 594 de
754 545 912 595 domo
946 547 1212 595 Ciceronis
1241 545 1371 593 dixit
1406 547 1542 596 Cali-

232 696 390 745 Reliqui
403 696 571 732 inserunt
591 696 635 746 Q.
854 695 1045 745 Hortensii.
1089 694 1217 730 Turio.
1239 693 1340 730 Flor.
1376 694 1555 744 hortensi..

232 765 252 788 ι
281 753 348 787 sec.
378 765 430 786 m.
458 762 617 797 uterque
637 749 862 799 hortensium,
896 761 932 785 et
955 753 1000 785 [ic
1021 749 1145 784 Guelf.
1167 751 1264 784 Mox
1286 749 1417 786 Turio.
1437 753 1541 786 verri.

315 807 414 857 Quin
441 809 571 845 etiam,
604 805 699 840 eascl.
757 805 885 840 Turia
914 804 1015 840 Flor.
1046 803 1170 839 Guelf.
1208 804 1336 851 Camp.
1361 805 1440 852 quis
1460 818 1488 840 e.
1511 819 1541 840 e.

232 875 320 899 cum
350 861 466 898 Goth.
500 860 598 896 Voss'.
623 871 658 904 2.
690 859 785 897 Jens.
809 859 919 893 Tarv.
943 859 1121 895 Correxit
1143 859 1304 906 Regius,
1329 857 1388 893 sed
1405 859 1478 905 jam
1499 860 1541 894 in

230 911 330 954 Vall.
349 917 564 964 repositum.
783 921 822 947 ut
843 915 990 962 quisque
1010 916 1132 961 egerit,
1155 914 1243 948 utile
1262 915 1341 949 erit.
1410 911 1539 950 Turic-

231 972 332 1007 Flor.
363 970 487 1007 Guelf.
519 970 647 1016 Camp.
681 969 837 1016 utrisque
867 970 934 1002 erit
961 982 1048 1004 cum
1077 968 1192 1003 Goth.
1221 968 1322 1005 Voff.
1354 980 1389 1004 2.
1432 968 1543 1005 Bodl.

233 1027 358 1071 (Alm.
402 1025 552 1060 turbare
587 1024 755 1067 dieitur)
799 1024 895 1061 Jens.
922 1025 1034 1059 Tarv.
1071 1024 1213 1070 Regius
1243 1023 1436 1070 ingeniose
1466 1024 1540 1068 iam

231 1082 414 1122 tentavit,
445 1092 658 1127 quanquam
690 1077 891 1124 recipiente
919 1080 1092 1118 nemine,
1118 1080 1197 1126 quis
1224 1091 1253 1112 e.
1274 1091 1303 1113 e.
1329 1092 1356 1114 c.
1378 1081 1544 1127 utrinque

233 1139 368 1185 egerit,
401 1136 488 1170 utile
520 1137 586 1169 erit
606 1133 721 1182 scire:
759 1134 818 1167 sed
847 1133 927 1180 post
955 1135 1078 1169 varias
1111 1133 1392 1168 emendationes
1420 1132 1543 1168 nostra

233 1194 388 1228 demum
419 1191 461 1225 in
485 1189 590 1225 Bam.
619 1202 665 1223 ex
690 1187 878 1235 praeclara
910 1190 1030 1234 couj.‚
1067 1189 1135 1222 nist
1162 1186 1295 1227 fallor,
1333 1188 1542 1227 Philandri,

233 1247 303 1295 qui
320 1246 525 1294 Regianum
552 1244 597 1278 ad
626 1255 760 1278 verum
780 1243 904 1290 ipsum
927 1244 1095 1279 deduxit.
1127 1252 1166 1278 ut
1184 1244 1331 1291 quisque
1348 1243 1542 1290 quantivis

233 1302 283 1337 est
311 1301 440 1349 pretii.
655 1299 698 1333 de
728 1298 849 1334 domo.
906 1300 968 1334 Sic
998 1299 1124 1334 Turic.
1156 1297 1256 1332 Flor.
1285 1297 1409 1333 Guelf.
1446 1297 1543 1342 (nist

233 1356 336 1405 quod
365 1355 429 1390 hic
461 1354 605 1390 omittit
629 1354 764 1393 domo)
793 1354 921 1401 Camp.
951 1355 1066 1389 Goth.
1099 1353 1202 1391 Voss'.
1224 1360 1261 1386 Β.
1295 1363 1332 1388 et
1350 1353 1434 1388 edd.
1457 1354 1542 1388 ante

231 1410 318 1446 Ald.
345 1423 419 1446 acc.
454 1409 548 1445 Obr.
581 1407 738 1454 Reliqui
765 1422 830 1455 pro
862 1409 896 1443 d.
929 1410 1141 1457 corrigente
1172 1407 1306 1455 Regio.
1367 1408 1541 1444 Calidius.

232 1465 362 1502 Turic.
393 1464 495 1508 Flor.
528 1464 690 1498 callidus.
750 1465 879 1512 Camp.
904 1464 1063 1498 callidio.
1090 1465 1135 1499 cf.
1164 1465 1241 1499 Cic.
1265 1462 1311 1497 de
1339 1465 1422 1497 Inv.
1447 1473 1482 1502 2,
1506 1473 1541 1509 9.

231 1521 290 1557 ed.
308 1522 439 1555 Burm.
458 1529 498 1553 >et
514 1518 664 1553 Schfitz.
722 1519 879 1553 Retineo
900 1518 964 1552 hic
982 1529 1018 1553 et
1038 1519 1181 1566 ubique
1200 1517 1406 1564 [implicem
1426 1516 1542 1565 liqui-

232 1577 330 1611 dam.
387 1574 448 1610 Sic
477 1573 578 1608 enim
609 1583 645 1607 et
677 1587 738 1611 ιι,
767 1581 803 1614 5,
839 1582 925 1615 123.
983 1572 1086 1609 Flor.
1113 1573 1261 1618 (Turic-
1293 1583 1330 1607 et
1347 1571 1478 1607 Ambr.
1503 1581 1541 1607 2.

230 1645 251 1667 a
278 1632 410 1666 Burm.
438 1629 507 1675 qui
534 1628 592 1663 ibi
613 1626 760 1675 duplici
779 1640 918 1662 nomen
938 1628 1076 1668 scribit,
1099 1629 1272 1664 recedere
1291 1640 1370 1662 non
1389 1639 1540 1662 narran-

231 1687 312 1727 tur)
333 1683 456 1720 Guelf.
478 1678 593 1718 Goth'.
617 1685 702 1726 (tac.
724 1683 854 1726 Gesn.)
890 1683 1051 1722 calidifl
1079 1684 1137 1718 sed
1150 1683 1251 1720 Voss'.
1270 1697 1303 1716 1.
1319 1691 1353 1725 3.
1387 1680 1540 1722 calfdog

230 1750 268 1775 et
298 1751 391 1774 mox
417 1737 510 1773 ibid.
541 1741 573 1783 ᾗ.
601 1745 687 1780 155.
720 1737 844 1772 Gnelf.
869 1737 984 1773 Goth.
1014 1738 1100 1781 (tac.
1123 1739 1252 1780 Gesn.)
1283 1738 1452 1776 Calidio'5
1480 1737 1542 1772 sed

229 1795 360 1830 Turio.
381 1793 482 1830 Flor.
502 1793 608 1829 calio.
665 1791 797 1829 Ainbr.
820 1803 855 1828 2.
878 1805 957 1829 non
975 1793 1233 1829 memoratur.'
1264 1795 1362 1828 Item
1391 1801 1452 1834 12,
1479 1804 1538 1832 ιο,

281 1923 380 1975 Quin
399 1925 519 1963 etiam,
550 1922 700 1957 easdem.
756 1924 857 1960 Vide

227 1979 327 2013 mihi
343 1992 389 2014 ne
409 1980 450 2013 in
468 1978 753 2024 exquifitiorum
771 1979 855 2024 qui·

228 2034 313 2068 dem
332 2032 608 2069 vocabulorum
638 2033 703 2066 usu
723 2046 854 2067 caven-

228 2099 302 2123 tem
348 2089 418 2124 fibi
462 2087 507 2122 ab
549 2087 747 2122 iteratione
786 2099 853 2122 no-

227 2143 364 2183 firum;
400 2155 487 2178 nam
517 2142 634 2176 modo
663 2152 740 2176 erat
768 2138 855 2191 quin.

226 2200 334 2232 etiam
353 2198 418 2243 (ef.
435 2209 469 2244 9,
484 2203 518 2240 4,
538 2205 626 2239 ¹5¹·
649 2208 685 2243 9,
700 2205 734 2239 3,
749 2196 850 2243 78.):

224 2264 294 2287 nec
315 2251 543 2300 anaphoram
563 2251 628 2286 hic
647 2251 764 2286 ullam
783 2264 851 2299 po-

225 2306 301 2346 tuit
318 2307 499 2341 affectare.

278 2361 324 2396 de
344 2361 454 2395 domo
479 2362 658 2396 Ciceronis
678 2379 731 2388 —-
752 2360 850 2397 Cali-

222 2416 314 2451 dius.
372 2417 486 2450 Hunc
517 2426 725 2454 oratorem,
754 2427 849 2462 quo-

221 2482 295 2517 que
342 2468 548 2517 eloquendi
592 2483 726 2517 genere
762 2471 847 2505 usus

218 2524 353 2564 fuerit,
382 2525 579 2571 cognoscas
613 2539 631 2558 e
652 2524 847 2560 Ciceronis

216 2579 339 2614 Bruto
371 2588 434 2625 79.
468 2585 530 2622 80.
588 2579 847 2614 Meminerant

218 2633 388 2679 ejusdem
426 2634 523 2668 caes.
563 2635 606 2668 Β.
646 2634 687 2668 C.
733 2648 747 2668 1
765 2661 775 2674 ,
807 2643 843 2670 2.

911 1924 1034 1970 noster
1070 1937 1143 1964 11,
1177 1932 1213 1966 5,
1251 1930 1338 1966 ¹55·
1380 1932 1450 1963 12,
1476 1935 1538 1963 ιο,

915 1991 930 2011 ι
946 1972 980 2013 ι.Ι
1009 1988 1071 2026 59.
1127 1979 1263 2013 Noster
1284 1987 1408 2013 antem
1430 1977 1538 2012 locus

909 2033 1011 2067 nihil
1047 2034 1136 2068 facit
1174 2033 1362 2068 momenti
1395 2033 1436 2067 in
1472 2031 1539 2066 ista.

911 2089 1093 2122 orationis
1121 2088 1400 2127 Ciceronianae,
1424 2098 1537 2134 quam

909 2155 1010 2176 nunc
1055 2143 1219 2189 legimus
1275 2155 1346 2190 pro
1405 2141 1535 2182 domo,

909 2198 1022 2231 causa.
1051 2198 1186 2245 Neque
1207 2197 1308 2231 enim
1329 2196 1535 2236 dubitatur,

909 2252 1003 2298 quin
1037 2252 1082 2285 ad
1107 2250 1307 2300 pontifices
1345 2251 1390 2286 de
1417 2251 1538 2286 domo·

907 2307 968 2340 sua
999 2306 1140 2342 dixerit
1171 2307 1328 2342 cicero:
1377 2306 1456 2342 vid.
1487 2304 1535 2340 aa

904 2362 981 2396 Att.
998 2366 1035 2406 4,
1050 2372 1085 2397 2.
1119 2361 1339 2398 Orationem
1359 2361 1405 2396 de
1421 2361 1532 2396 domo

903 2415 1000 2459 (non
1028 2429 1094 2462 pro
1123 2417 1177 2461 d.)
1211 2415 1425 2464 inscriptam
1452 2427 1532 2450 me-

901 2481 1052 2505 morant
1090 2470 1228 2519 Aquila
1266 2472 1457 2506 Romanus
1495 2479 1537 2505 et*

899 2523 1026 2562 Julius
1040 2525 1270 2565 Rufinianus,
1291 2525 1337 2562 cf.
1348 2525 1466 2560 Wolf.
1488 2525 1530 2561 in

899 2579 1014 2626 praef.
1072 2591 1234 2627 quatuor
1290 2579 1528 2616 orationibus

902 2633 1018 2674 (Berl.
1066 2642 1180 2677 1301.
1219 2637 1285 2678 3.)
1326 2634 1527 2683 'praemiss'a

213 2687 338 2722 Festus
364 2687 407 2722 in
438 2686 563 2727 Snfes,
595 2687 776 2723 Eusebius
802 2688 843 2722 in
894 2701 933 2735 p.
960 2695 1019 2731 15.
1039 2688 1081 2725 it.
1104 2688 1311 2725 Mai-claud.
1334 2690 1388 2726 ib.
1407 2702 1445 2738 p.
1460 2688 1525 2732 68.

215 2741 409 2777 Chronico
440 2753 537 2777 anno
574 2743 700 2789 1960,
748 2743 842 2778 item
