1676 3028
289 221 356 283 95
564 222 662 291 M.
709 223 847 270 ΕΑΒ.
893 224 1304 286 QUINTILIANI
1331 295 1334 298 .

287 346 519 414 epistolis
552 348 767 414 quidem
781 385 796 407 ,
834 366 1133 415 quanquam
1159 349 1281 399 sunt
1314 350 1617 424 utriusun
1648 377 1654 385 ·

287 423 593 490 dialogisve‚
633 426 826 489 quibus
848 426 987 473 nihil
1016 426 1124 482 ille,
1160 427 1309 474 nulla
1338 425 1607 474 contentio

206 510 283 549 ²08
297 498 383 548 est.
461 500 772 550 Cedendum
803 517 941 549 veros
969 502 1026 548 in
1053 501 1155 549 hoc
1183 501 1421 565 quidem,
1461 499 1676 564 quod9²⁴

291 575 385 623 ille
417 586 468 623 et
495 577 642 640 prior
673 575 795 633 fuit,
834 586 884 623 et
917 592 979 623 ex
1009 592 1195 640 magna
1223 585 1366 641 parte
1400 577 1610 625 Cicero-

287 666 427 707 nem,
462 661 686 714 quantus
722 650 809 707 est,
846 650 981 700 fecit.
1059 652 1199 699 Nam
1234 650 1370 698 mihi
1399 650 1611 698 videtur

287 727 364 774 M.
409 726 646 783 Tullius,
721 742 842 773 cum
882 725 932 773 se
966 736 1145 774 totum'
1171 724 1237 773 ad
1263 726 1611 774 imitationem

289 801 607 849 Graecorum
647 798 953 858 contuliffet,
992 799 1232 849 effinxisse
1269 802 1381 850 vim
1415 802 1612 849 Demo-

288 873 499 932 sthenis,
538 877 741 940 copiam
762 876 1006 933 Platonis,
1025 876 1403 936 jucunditatem
1424 874 1612 924 Isocra-

202 958 282 999 209
293 950 372 998 tis.
451 951 566 998 Nec
587 967 713 999 vero
733 951 879 1013 quod
900 952 956 999 in
977 967 1190 1015 quoque
1210 953 1471 1016 optimum
1494 948 1615 1007 fuit,
1664 956 1672 961 ²

286 1022 462 1075 studio
499 1025 804 1076 consecutus
838 1025 910 1074 est
944 1036 1172 1084 tantum,
1215 1025 1305 1075 sed
1337 1027 1618 1092 plurimas,-

286 1203 291 1208 ·
370 1169 577 1206 quanquam
599 1156 698 1205 sunt.
724 1155 840 1192 Goth.
862 1158 949 1202 (tac.
974 1158 1100 1203 Gesn.)
1120 1171 1154 1206 q.
1179 1156 1263 1207 sint.
1310 1164 1319 1172 ”
1491 1154 1612 1191 dialo-

284 1213 388 1260 gisvo
407 1231 461 1239 —··
482 1212 555 1246 ille.
599 1212 730 1247 Turic.
753 1211 855 1247 Flor.
886 1213 1031 1259 dialogi
1051 1211 1113 1260 sui
1143 1212 1270 1260 quibus
1300 1211 1394 1247 nihil
1425 1211 1501 1247 illi?
1550 1212 1611 1245 Ex

283 1265 386 1302 Alm.
409 1267 566 1302 affertur
587 1265 798 1315 dialogismi
827 1267 955 1316 quibus
975 1268 1066 1301 nihil
1086 1266 1154 1304 illi.
1185 1268 1280 1304 Obr.
1310 1266 1414 1302 nihil
1445 1267 1507 1302 dat
1538 1266 1609 1301 nili

283 1322 499 1370 dialogisve,
530 1322 704 1370 profecto
733 1335 779 1356 ex
799 1322 1114 1369 Argentoratenfi.
1171 1322 1330 1372 Reliqui
1355 1322 1449 1358 haec
1480 1322 1610 1373 omniu

284 1377 483 1413 omittunt.
511 1379 679 1425 Apparet
700 1377 906 1424 reposuiffe
926 1390 996 1412 nos
1017 1391 1035 1411 e
1059 1378 1276 1424 conjectura
1306 1378 1380 1413 ille.

376 1439 464 1476 ¹08·
495 1433 650 1480 quidem.
683 1432 813 1467 Turio.
848 1433 967 1480 quod;
1007 1446 1026 1466 a
1059 1433 1126 1467 sec.
1154 1445 1271 1468 manu
1301 1433 1470 1475 omittit;
1499 1443 1537 1469 et
1562 1433 1610 1468 fic

284 1486 413 1523 Guelf.
434 1488 566 1536 Camp.
591 1500 679 1522 cum
703 1486 820 1522 Goth.
842 1487 945 1521 Voff.
969 1497 1004 1521 2.
1038 1494 1076 1522 ὅτ
1100 1486 1183 1521 edd.
1203 1498 1288 1523 ante
1307 1487 1414 1523 Bam.

296 1563 298 1565 -
370 1543 433 1577 ille
463 1551 510 1577 et.
549 1542 680 1577 Turio.
715 1541 817 1576 Flor.
849 1541 973 1576 Guelf.
1005 1542 1135 1589 Camp.
1176 1543 1361 1578 omittunt
1389 1543 1472 1584 ille,
1519 1554 1610 1580 cum

284 1597 403 1634 Goth.
422 1597 525 1636 Voss'.
553 1610 587 1631 1.
610 1606 646 1632 et
666 1597 729 1631 ille
748 1596 843 1635 Jens.
867 1599 954 1640 (tae.
976 1596 1104 1644 Gesn.)
1127 1610 1215 1631 cum
1237 1597 1320 1635 edd.
1345 1608 1428 1633 ante
1446 1600 1567 1634 Stoer.

362 1652 463 1700 fecit.
502 1652 564 1687 sic
597 1663 634 1687 et
665 1651 797 1687 Turio.
830 1650 930 1686 Flor.
966 1664 1051 1686 cum
1079 1665 1148 1686 nec
1187 1651 1289 1688 ullus
1324 1663 1472 1700 praeter
1498 1653 1609 1688 Leid.

277 1708 378 1760 facit
402 1706 496 1752 (err.
518 1707 692 1751 Harlete)
717 1719 830 1754 quem
853 1719 922 1754 per
939 1706 1104 1754 sphalma
1128 1707 1302 1753 expreffit
1312 1709 1443 1743 Burm.
1465 1706 1609 1748 editioz

283 1763 539 1814 exprobrante
563 1761 786 1797 immodeste
813 1762 971 1809 Capper.
993 1762 1082 1796 vide
1103 1762 1218 1810 Epist.
1239 1764 1371 1798 Burm.
1389 1775 1428 1812 p.
1449 1763 1514 1806 56.

369 1817 549 1868 Isocracis.
582 1817 712 1852 Turio.
734 1818 762 1851 F
765 1815 838 1851 lor.
858 1817 1018 1851 Socratis
1041 1829 1128 1851 cum
1149 1818 1261 1854 Bern.

371 1885 461 1922 ¹09·
509 1885 662 1923 quoque.
717 1870 842 1907 Guelf.
891 1885 1110 1921 quocunque.
1159 1873 1191 1907 E
1221 1872 1325 1911 Voss'.
1363 1887 1400 1912 1.
1453 1873 1608 1909 affertur

339 1986 557 2033 dialogis-ve,
581 1981 710 2030 quibus
734 1982 825 2016 nihil
846 1981 919 2017 ille.

283 2046 433 2092 Spectat
453 2040 499 2075 ad
519 2038 639 2073 libros
659 2037 854 2073 Ciceronis
875 2037 922 2071 de

284 2098 472 2136 Oratore,
518 2096 705 2132 Brutum,
750 2092 843 2127 item
874 2092 920 2126 de

281 2150 528 2202 philosophia
561 2158 734 2195 agentes,
765 2148 806 2182 in
838 2147 921 2195 qui-

281 2209 353 2245 bus
383 2207 433 2242 eft
463 2203 711 2240 familiarium
754 2203 855 2237 inter
887 2203 920 2237 se

283 2260 556 2299 confabulatio,
580 2258 800 2294 cuiusmodi
819 2257 922 2293 nihil

282 2319 423 2366 scripsit
443 2314 731 2350 Demosthenes.
766 2313 920 2349 Oratio-

282 2386 370 2409 nem
399 2383 494 2407 vero
524 2370 588 2404 hic
614 2381 685 2417 ego
715 2382 794 2405 non
814 2381 920 2416 prae-

283 2428 385 2467 stem,
415 2439 539 2473 neque
577 2424 761 2472 exemplis
789 2423 919 2458 simili-

283 2482 354 2520 bus
375 2482 573 2516 illustrem.
634 2479 772 2515 Saltem
804 2482 841 2514 in
859 2479 918 2512 in-

281 2539 397 2574 seram
425 2546 509 2571 ante
554 2536 701 2584 quibus,
759 2545 803 2570 ut
833 2533 917 2568 rub-

281 2593 458 2628 audiatur
480 2590 611 2638 effecit,
639 2593 805 2636 protulit.
836 2589 917 2624 Nisi

280 2648 380 2685 {orte
390 2647 513 2697 fimile
533 2658 693 2696 reponas
714 2658 797 2682 ante
818 2645 890 2679 ille.

338 2703 441 2739 nulla
460 2703 643 2738 contentio
664 2698 726 2747 est.
749 2703 917 2738 Tantum

976 1981 1133 2030 praestat
1153 1983 1301 2019 Cicero.
1343 1983 1611 2020 Demostheni·

979 2038 1134 2086 quidem
1165 2038 1339 2086 epistolae
1356 2038 1610 2087 pauciffimae‚

976 2105 1139 2128 numero
1171 2093 1254 2139 sex,
1301 2104 1338 2130 et
1369 2094 1415 2129 de
1440 2093 1610 2143 publicis

976 2149 1143 2194 negotiis
1175 2149 1330 2197 scriptae
1366 2148 1410 2185 ad
1443 2150 1610 2184 senatum

976 2202 1200 2251 pleraeque,
1257 2214 1302 2239 ut
1336 2218 1382 2239 ne
1413 2204 1612 2252 potuerint

977 2259 1134 2306 quidem
1154 2268 1229 2293 tam
1247 2260 1369 2295 varias
1388 2259 1529 2295 formas
1550 2259 1610 2294 in·

978 2313 1119 2354 duere,
1172 2324 1305 2361 totque
1332 2315 1530 2350 sententias
1561 2314 1610 2350 ad

977 2369 1166 2403 scientiam
1194 2364 1321 2404 reruni
1355 2368 1609 2406 humanarum

976 2423 1271 2471 divinarumque
1287 2424 1518 2472 pertinentes
1535 2435 1608 2461 tra-

978 2488 1088 2514 ctare.
1134 2481 1179 2514 In
1198 2479 1365 2527 epistolis
1387 2479 1606 2516 Ciceronia-

972 2533 1031 2567 nis
1060 2533 1222 2569 viciffim
1250 2544 1351 2569 totus
1375 2533 1494 2569 homo
1524 2548 1604 2571 cer·

971 2589 1100 2630 nitur,
1144 2589 1254 2636 isque
1285 2591 1444 2629 Cicero,
1491 2590 1603 2639 agilit

971 2655 1098 2679 mente
1126 2657 1250 2691 neque
1280 2643 1397 2680 ullius
1425 2657 1504 2683 non
1521 2646 1600 2683 vir·

971 2698 1063 2734 tutis
1087 2711 1130 2735 ut
1153 2699 1241 2734 artis
1261 2711 1387 2747 capax.
