1676 3028
393 117 398 135 Ι

275 275 279 278 ’
305 256 400 325 363
599 267 672 314 Μ.
718 266 851 326 ΕΑΒ.
899 265 1304 327 QUINTILIANI

300 392 445 450 sunt,
491 402 759 440 notamus:
809 400 894 447 ut,
939 389 1208 454 quomodo
1243 383 1424 439 Cicerb
1463 386 1608 447 dicit,

306 469 426 517 locis
456 484 552 530 pro
585 482 725 522 cera,
752 460 1046 535 simulacris
1069 481 1166 528 pro
1191 465 1369 512 litteris
1390 474 1606 513 utamur.

233 557 285 584 22
307 542 445 591 Illud
481 557 694 604 quoque
732 540 796 588 ad
832 541 1054 590 verbum
1090 555 1309 604 ponere,
1347 540 1608 604 optimum

305 617 494 668 fuerit:
533 616 686 664 Locis
719 611 797 683 est
826 617 1059 664 utendum
1086 610 1276 672 multis,
1315 609 1608 681 illustribus,

307 691 587 754 explicatis,
616 692 819 739 modicis
843 691 1151 740 intervallis.-
1189 683 1493 757 imaginibus
1515 706 1610 736 au-

305 777 404 814 tem
424 763 706 834 agentibus,
742 764 956 824 acribus,
999 761 1265 836 insignitis,
1293 781 1423 829 quae
1442 779 1612 814 occur-

307 858 447 898 rere,
487 841 809 906 celeriterque
843 852 1109 906 percutere
1152 844 1371 888 animum
1403 834 1608 909 possint.

306 921 425 984 Quo
455 918 616 981 magis
650 918 838 975 miror,
878 916 1147 982 quomodo
1181 913 1522 965 Metrodorus
1551 914 1611 962 in

307 1008 389 1041 xu
422 991 610 1057 signis,
657 1009 751 1057 per
794 1009 926 1056 quae
963 993 1051 1041 Sol
1089 1002 1246 1050 meat,
1294 1001 1526 1038 trecenos
1558 998 1610 1036 et

305 1165 397 1201 quae
423 1155 547 1202 utique
559 1152 742 1200 fingenda
756 1151 854 1200 sunt.
884 1153 946 1188 Sic
961 1149 1252 1200 nexus'quoque
1271 1149 1502 1187 manifestior
1521 1159 1612 1183 con-

302 1208 512 1254 junctionis
533 1217 572 1242 ut
599 1218 741 1242 utamur
761 1220 847 1242 cum
868 1221 958 1256 opus
978 1205 1038 1255 eft.
1095 1207 1256 1242 Fortaffe
1278 1205 1388 1240 etiam
1416 1217 1503 1239 cum
1522 1204 1613 1239 Ges-

302 1275 397 1299 nero
417 1263 656 1298 inserendum
677 1273 711 1296 et
731 1273 815 1298 ante
837 1264 1063 1310 imaginibus.
1094 1257 1194 1297 Mox‘
1211 1259 1379 1308 discenda
1399 1261 1531 1307 Camp.

388 1326 451 1356 22.
476 1316 604 1364 fuerit.
634 1318 764 1353 Tul-ic.
784 1317 885 1355 Flor.
909 1318 1032 1354 Guelf.
1054 1319 1145 1352 Exc.
1169 1318 1317 1351 Samen.
1333 1313 1472 1361 fuerat.

439 1373 602 1408 modicis.
631 1373 760 1407 Turio.
781 1372 883 1408 Flor.
906 1373 1031 1408 Guelf.
1055 1373 1174 1408 modis
1195 1383 1281 1406 cum
1298 1370 1398 1406 Alm.

437 1436 629 1476 percutere.
665 1427 790 1463 Guelf.
810 1429 900 1462 Exc.
924 1431 1072 1464 samen.
1093 1430 1220 1474 Camp.
1241 1426 1336 1464 Jens.
1359 1428 1377 1469 (
1388 1436 1454 1460 tac.
1474 1422 1613 1469 Gesn.)

299 1496 503 1530 percurrere
532 1495 619 1516 cum
658 1483 741 1516 edd.
772 1494 855 1517 ante
885 1484 1031 1531 Gryph.
1061 1495 1138 1518 exc.
1160 1481 1250 1518 Bad.
1275 1481 1341 1528 qui
1373 1494 1391 1516 e
1413 1480 1513 1517 Vall.
1541 1491 1610 1514 no·

300 1538 430 1572 strum.
476 1537 598 1572 Modo
621 1547 692 1584 pro
713 1547 833 1572 autem
851 1538 948 1575 Jens.
970 1538 1049 1582 (sed
1067 1538 1132 1572 hic
1152 1550 1220 1584 per
1239 1535 1316 1583 [ph.
1345 1534 1475 1583 aliqui)
1495 1535 1610 1569 Tau-v.

302 1604 340 1627 et
359 1593 442 1627 edd.
462 1590 563 1640 poste
566 1604 616 1627 ir.
641 1601 724 1626 ante
747 1591 1238 1641 Obr.acc.R011.aliquid.
1270 1601 1350 1626 tum
1372 1592 1501 1639 Camp.
1521 1589 1611 1623 cele·
1666 1606 1672 1616 ι

299 1649 388 1682 riter
408 1660 592 1695 quemque.
621 1646 722 1681 Fuloi
746 1649 915 1693 imaginis
934 1660 1005 1694 pro
1025 1647 1254 1693 imaginibus.
1500 1653 1610 1679 trece-

299 1715 377 1738 nos.
409 1702 538 1737 Turic
562 1700 957 1750 Flo1·.Guelf.Camp.
979 1703 1075 1740 Jens.
1099 1700 1187 1747 (tac.
1210 1701 1334 1744 Gesn.)
1358 1702 1509 1734 tricenos
1520 1711 1608 1734 cum

300 1756 417 1792 Goth.
433 1768 469 1792 et
496 1756 579 1791 edd.
601 1766 685 1790 ante
696 1756 804 1790 Basil.
825 1757 1018 1803 frequenti
1036 1756 1267 1791 confusione.
1292 1753 1543 1790 cfiDralzenb.
1565 1753 1612 1788 ad

294 1814 384 1849 Liv.
405 1818 471 1859 40,
493 1817 556 1858 54,
579 1817 616 1855 8.
652 1810 729 1845 Hic
751 1811 907 1858 quidem
928 1811 1005 1860 ipsa
1025 1814 1241 1846 tricenorum
1261 1809 1481 1859 processerit
1497 1808 1610 1866 ratio:

347 1957 469 1992 Cicero
481 1955 578 1991 dicit.
590 1954 698 1990 Loco
708 1955 813 2002 supra
826 1955 927 1991 indi·
984 1954 1089 2003 quod
1125 1954 1255 1993 seiam,
1294 1953 1378 1989 MS.
1409 1952 1610 1988 Gothanus

295 2021 378 2046 cato
392 2011 436 2049 de
447 2010 514 2045 Or.
521 2019 555 2050 2,
570 2010 632 2054 36.
653 2010 745 2045 item
758 2023 850 2045 mox
863 2018 926 2053 87.
974 2009 1047 2058 sua
1076 2011 1138 2045 dat
1157 2021 1228 2058 plo
1247 2006 1375 2069 suam,·
1405 2008 1511 2055 quod
1527 2009 1610 2041 fano

295 2066 365 2101 Illi
386 2066 431 2100 cle
452 2079 531 2099 cera
552 2076 587 2100 et
607 2065 734 2100 litteris
761 2066 926 2100 milifice
982 2065 1125 2113 placet,
1173 2074 1216 2100 ut
1245 2065 1287 2098 ad
1319 2073 1396 2100 arte
1425 2062 1610 2098 refelatur

292 2120 495 2168 ‘respondet
514 2119 751 2155 Herenniani
779 2122 925 2156 dictum
980 2133 1218 2168 pronomen,
1273 2133 1353 2155 non
1391 2117 1438 2154 ad
1474 2129 1610 2152 memo·
1652 2124 1663 2129 ’”

296 2185 334 2218 3,
361 2181 420 2219 ¹8·
442 2177 637 2221 imagines,
657 2173 751 2222 sicut
770 2177 924 2215 litterae,
981 2178 1096 2214 riam.-
1126 2177 1252 2223 positu
1273 2175 1385 2210 etiam
1413 2173 1521 2208 vocis
1541 2184 1610 2219 po·
1651 2203 1657 2208 ,

297 2231 473 2269 delentur,
495 2230 555 2264 ubi
572 2230 663 2264 nihil
684 2230 757 2266 illis
769 2234 924 2266 utimur.-
981 2232 1050 2265 tius
1069 2229 1143 2266 hoc
1163 2231 1349 2266 suadente.
1389 2227 1556 2268 Jaetabat
1575 2227 1610 2262 se

295 2286 388 2326 1⁰⁶5·
419 2297 592 2334 tanquam
615 2298 713 2328 cera,
744 2300 925 2321 remanere
980 2287 1228 2322 Metrodorus
1261 2282 1499 2321 mnemonica
1530 2295 1610 2316 ma·

295 2340 437 2376 debent.
979 2342 1037 2388 gis
1068 2343 1127 2376 sua
1160 2355 1272 2390 quam
1301 2338 1507 2377 memoria;
1538 2337 1610 2372 ubi

350 2426 413 2453 22.
426 2418 677 2454 Metrodorus.
698 2418 743 2454 cf.
761 2430 819 2457 10,
834 2417 869 2458 6,
886 2429 920 2462 q.

294 2473 373 2519 Qui
385 2473 460 2508 hoc
470 2483 661 2522 praeterea
674 2473 829 2508 referret
843 2475 923 2508 Me-

291 2528 444 2563 trodori
477 2528 687 2562 artificium
725 2529 766 2563 in
799 2539 923 2563 artum

291 2580 420 2616 locum
459 2582 646 2631 plurimas
686 2583 922 2619 infercientis

246 2668 259 2677 ,
292 2636 501 2683 imagines,
539 2650 618 2672 non
648 2638 775 2686 reperi
806 2651 923 2685 quen-

293 2703 419 2739 quan.
484 2691 622 2726 Malim
661 2704 785 2727 autem
825 2694 924 2740 quod
983 2683 1018 2712 ι’
1034 2680 1099 2716 53⁵

291 2757 380 2794 prae
391 2745 462 2781 illo
475 2747 671 2796 quomodo.
703 2749 801 2784 Mox
811 2760 921 2789 unus,

981 2461 1018 2486 et
1035 2451 1196 2486 alterum
1209 2453 1250 2486 in
1265 2450 1402 2498 quovis
1413 2449 1518 2496 signo
1531 2449 1610 2482 Zo-

980 2506 1080 2541 diaci
1099 2507 1246 2542 fortan'e
1267 2505 1395 2540 locum
1416 2502 1608 2551 posuisset,

978 2561 1037 2596 ibi
1081 2562 1237 2609 triginta
1278 2559 1477 2596 definiens.
1543 2557 1607 2592 De

977 2618 1144 2652 vanitate
1187 2615 1336 2653 consule
1375 2626 1446 2650 nos
1478 2611 1525 2649 ad
1553 2617 1606 2659 4·

979 2396 1075 2432 alius
1091 2398 1169 2443 ejus
1181 2397 1329 2444 generis
1339 2393 1475 2429 artifex
1485 2404 1609 2426 unum
1645 2409 1650 2414 -
