1676 3028
370 255 537 303 INST.
574 252 856 303 ORATOR.
886 253 1011 302 LIB.
1049 253 1146 310 XI,
1180 265 1223 308 5.
1367 266 1464 312 333

131 382 200 433 ad
238 380 713 449 significationem.
772 381 994 431 Decoris
1023 378 1114 428 illa
1136 377 1284 438 sunt,
1322 390 1383 429 ut
1403 379 1483 430 sit
1491 393 1542 444 69

131 462 307 528 primo
331 471 565 518 rectum,
605 469 656 508 et
676 456 966 508 secundum
990 467 1147 506 natur
1150 473 1246 506 am.
1326 458 1470 506 Nam

131 549 185 587 et
206 538 407 598 dejecto
438 537 736 595 humilitas,
774 545 827 584 et
849 532 1039 602 supino
1061 520 1380 600 arrogantia,
1419 545 1472 584 et

129 616 190 664 in
226 616 363 676 latus
395 615 650 664 inclinato
677 615 917 679 languor,
955 622 1007 660 et
1026 612 1290 679 praeduro
1318 628 1375 660 ac
1399 612 1471 661 ri-

136 701 291 757 gente
329 692 564 740 barbaria
605 690 861 756 quaedam
910 690 1105 739 mentis
1158 688 1466 742 ostenditur.

134 771 281 818 Tum
311 769 529 834 accipiat
561 778 705 834 aptos
727 785 790 816 ex
812 764 920 833 ipsa
948 766 1152 816 actione
1175 777 1371 825 motus,
1408 776 1471 816 ut

136 861 258 895 cum
279 843 428 911 gestu
450 844 760 929 concordet,
800 855 853 894 et
871 843 1115 893 manibus
1139 859 1195 892 ac
1215 844 1468 897 lateribus

213 1009 280 1059 69⁴.
298 1010 452 1046 Dec-oris
472 1011 540 1047 illa
552 1009 653 1059 sunt.
684 1010 990 1049 Diremtionem,
1009 1023 1125 1059 quam
1142 1010 1294 1058 primus
1315 1022 1466 1058 reprae-

129 1066 286 1108 sentavi,
314 1066 487 1103 habuiffe
522 1066 677 1102 videtur
702 1066 816 1101 Bern.
840 1078 954 1115 quem
973 1067 1109 1102 Burm.
1143 1075 1272 1101 narrat
1292 1065 1466 1103 incidere

117 1122 211 1174 ‘post
222 1121 551 1172 significationem.
589 1121 722 1171 Vulgo
742 1122 784 1158 111
803 1121 1060 1159 vetustiffimis
1081 1118 1119 1158 ei:
1134 1133 1218 1158 ante
1238 1121 1350 1169 Leid.
1370 1121 1466 1158 haee

95 1203 103 1212 ι
127 1180 405 1218 continuantur
424 1192 547 1228 usque
568 1179 615 1214 ad
635 1188 674 1213 ut
684 1177 750 1228 sit.
802 1180 902 1222 Mox
923 1179 1251 1228 interpunxerunt
1273 1188 1358 1214 ante
1377 1180 1462 1219 Illa.

114 1235 235 1288 ,1111011
262 1248 426 1285 pravum
451 1235 614 1272 sentiens
645 1235 741 1272 Obr.
775 1235 942 1271 nimium
972 1235 1046 1272 sibi
1065 1235 1206 1275 sumsit,
1238 1247 1319 1270 non
1339 1234 1465 1270 solum

126 1291 283 1341 στιγμὴν
310 1291 450 1328 τελείαν
467 1303 626 1340 'ponens
647 1291 727 1342 pod
739 1291 840 1341 sign.
859 1292 922 1327 sed
942 1304 1016 1341 pro
1036 1292 1188 1327 Decoris
1208 1291 1375 1327 scribens
1398 1294 1468 1329 Ca·

125 1351 228 1399 pitis.
271 1350 371 1383 Mox
399 1349 532 1384 Turic-
562 1347 666 1384 Flor.
691 1348 822 1397 Camp.
853 1348 952 1387 Jens.
983 1348 1082 1393 (11011
1103 1346 1222 1385 Goth.
1245 1360 1317 1383 err,
1339 1347 1468 1394 Gesn.)

125 1405 335 1443 nobiscum
371 1414 409 1440 et
437 1405 627 1441 omittunt
657 1414 744 1440 ante
774 1405 917 1450 dejecto
949 1417 1039 1440 cum
1067 1403 1170 1441 Alm.
1205 1415 1242 1440 et
1271 1403 1356 1439 edd.
1379 1415 1468 1440 ante

123 1461 215 1499 ΑΜ.
262 1460 422 1510 Reliqui
450 1461 635 1497 inserunt.
677 1461 834 1504 dejectio
863 1460 951 1496 Ald.
979 1461 1170 1496 inclinatio
1193 1459 1320 1496 Guelf.
1344 1460 1465 1497 Goth.

122 1517 220 1567 (tac.
244 1517 383 1561 Gefn.)
412 1518 507 1552 Exc.
530 1519 682 1553 samen.
713 1517 893 1564 languore
918 1517 1102 1565 praeduro
1124 1516 1256 1552 Ambr.
1271 1527 1307 1551 2.
1330 1514 1459 1552 Guelf.

119 1576 215 1611 Exc.
237 1575 389 1610 Samen.
411 1574 546 1622 langor
564 1582 602 1609 et
616 1588 655 1622 p.
675 1573 793 1609 Goth.
815 1575 902 1616 (tac.
915 1572 1045 1622 Gesn.)
1067 1572 1246 1620 languens
1265 1587 1304 1620 p.
1331 1574 1462 1621 Camp-

121 1631 152 1668 1.·
169 1645 199 1668 e.
218 1629 403 1680 praedura
424 1629 527 1666 Flor.
549 1630 672 1674 (idem
691 1630 812 1665 modo
829 1628 998 1679 supina).
1022 1630 1181 1677 languor
1196 1643 1235 1678 p.
1258 1631 1281 1668 J
1284 1630 1357 1665 ens.
1374 1641 1463 1665 cum

123 1688 210 1724 edd.
242 1697 328 1722 ante
350 1687 442 1722 Bad.
686 1685 767 1736 ipsa
793 1687 937 1722 actione
954 1706 1010 1714 ——
1027 1685 1208 1722 manibus.
1249 1688 1324 1722 Pro
1351 1685 1460 1722 hisce

122 1744 254 1781 Turio.
275 1743 379 1778 Flor.
409 1742 489 1792 ipso
501 1740 672 1792 sermono
688 1757 735 1778 m.
754 1757 790 1779 u.
812 1757 841 1777 o.
860 1739 980 1790 gestus
1000 1757 1028 1779 c.
1052 1757 1099 1778 m.
1121 1754 1209 1777 cum
1233 1742 1365 1792 Camp.
1391 1742 1462 1791 qui

123 1810 252 1836 tamen
268 1795 372 1847 gestu
392 1799 467 1834 dat.
517 1800 579 1834 Ex
598 1798 700 1834 Alm.
725 1795 844 1846 gestus
862 1809 899 1834 et
919 1798 1068 1834 omiffio
1091 1797 1253 1846 copulae
1270 1799 1355 1847 post
1374 1796 1460 1834 conss

123 1856 261 1892 cordat.
322 1857 371 1890 In
397 1864 499 1890 tanta
519 1854 614 1890 haec
631 1854 1180 1904 praeferentium‚auctoritate
1203 1867 1314 1902 aegre
1334 1856 1462 1902 pador

121 1911 213 1948 inde
233 1924 295 1947 me
315 1909 455 1947 divelli
477 1921 514 1947 et
532 1911 631 1946 hanc
653 1910 925 1946 comminiscor
944 1909 1135 1946 rationem
1156 1910 1459 1960 interpretandi:

118 1967 364 2016 „Quomodo
393 1967 635 2003 movendum
665 1968 710 2003 fit
737 1976 871 2015 caput,
900 1966 943 2001 id
974 1979 1021 2002 ex
1046 1967 1096 2002 iis
1127 1966 1219 2015 ipsis
1248 1980 1344 2016 quae
1372 1980 1462 2003 cum

120 2025 317 2066 „maxime
341 2023 525 2060 dicuntur
546 2025 609 2068 (ex
632 2023 710 2072 ipso
724 2017 913 2074 sermone)
935 2024 1117 2064 fumetur,
1139 2034 1195 2062 ut,
1229 2037 1317 2059 cum
1339 2024 1463 2072 gestus

119 2075 325 2124 „dicendis
359 2080 580 2129 quibusque
609 2080 850 2121 consentiat,‘
878 2079 1003 2128 ipsum
1029 2092 1188 2129 quoque
1210 2091 1324 2129 caput
1342 2080 1462 2121 idem,

120 2137 257 2186 „quod
280 2149 415 2173 manus
437 2147 474 2172 et
492 2136 636 2172 latera‘⁶
654 2140 760 2182 (nam
783 2149 825 2171 ea
847 2136 995 2171 faciunt
1014 2137 1180 2184 gestum)
1200 2142 1351 2186 ‚‚agat.“
1387 2137 1463 2172 Sed

119 2193 276 2243 vulgata
308 2193 414 2230 haud
441 2193 559 2229 dubie
580 2193 703 2241 magis
725 2191 946 2233 blanditur,
975 2205 1064 2228 cum
1086 2194 1307 2242 praesertim
1322 2191 1463 2243 sermo-

120 2263 203 2285 nem
232 2249 348 2285 illum
379 2263 427 2286 an
453 2260 555 2285 recte
585 2249 845 2285 intellexerim
872 2248 985 2284 valde
1002 2249 1192 2286 haeream.
1222 2249 1463 2299 consequatur

118 2307 142 2345 J
146 2307 218 2343 ens.
243 2319 332 2343 cum
356 2306 442 2344 edd.
458 2306 616 2357 postenp
641 2316 727 2343 31110
740 2304 827 2343 Ald.
849 2314 885 2341 et
903 2306 1079 2342 lateribus
1091 2305 1209 2342 Goth.
1223 2309 1311 2354 (tac.
1327 2306 1456 2352 Gesn.)
1501 2303 1503 2305 ’

111 2499 114 2501 ,
172 2452 238 2501 69.
265 2451 612 2502 Decorisillasunt.
651 2452 758 2487 Haec
815 2450 932 2488 toties
953 2453 1209 2502 agnovimus,
1240 2464 1456 2501 congruen-

108 2508 227 2560 111101
259 2510 310 2546 est
337 2510 525 2546 tractandi
555 2508 691 2559 capitis
714 2509 758 2544 in
815 2508 868 2550 di,
897 2508 1009 2545 velut
1033 2522 1095 2550 11,
1123 2523 1158 2551 1,
1182 2516 1248 2553 41.

117 2565 270 2602 actione
283 2579 382 2615 pars,
400 2580 497 2602 mox
509 2566 540 2610 §.
558 2577 623 2611 71.
640 2578 758 2614 quan·
863 2563 1001 2614 supino
1033 2567 1265 2614 arrogantia.
1314 2565 1362 2602 cf·
1395 2566 1455 2603 in-

118 2630 202 2657 tum
242 2622 473 2670 ignificando
484 2623 611 2659 valeat
634 2632 758 2671 caput,
815 2621 967 2658 dicante
991 2623 1155 2659 Gesnero
1175 2622 1324 2667 §.122.

119 2676 360 2716 demonstrat.
393 2681 511 2716 Decor
529 2691 656 2716 autem
674 2679 713 2715 h.
732 2677 758 2713 l.
873 2678 954 2728 ipsa
972 2678 1373 2719 actione—manibus.
1405 2678 1454 2719 cf·

118 2734 295 2770 consueta
310 2737 358 2772 est
378 2734 759 2788 fignificationejpul-
814 2746 895 2772 not.
917 2736 1004 2774 crit.

118 2787 377 2836 chritudinis.
427 2807 508 2831 11011
537 2807 603 2837 ea,
643 2805 760 2845 quam
