1676 3028
0 1182 1 1185 ’
75 1177 143 1229 fit
176 1177 468 1238 obscurius,
505 1179 642 1227 licet.

289 237 294 245 -
331 206 496 253 INST.
533 205 811 252 ORATOR.
845 205 966 251 LIB.
1002 204 1100 260 xl,
1147 216 1193 260 5.

1330 215 1429 263 435

36 389 37 392 Ἴ
63 396 66 398 v
87 319 217 400 jecta
235 334 296 383 in
319 333 608 383 humerum
633 341 770 397 toga,
794 347 916 378 cum
943 327 1120 376 dextra
1141 327 1317 379 sinum
1340 349 1428 381 us-

44 437 51 444 »
89 429 196 478 que
228 411 295 460 ad
332 411 548 460 lumbos
586 407 936 464 reduxerunt,
985 404 1186 454 sinistra
1221 406 1426 473 gestum

32 532 42 551 ,.
88 489 341 546 facientes
358 486 648 554 spatiantur
672 483 1071 535 etfabulantur:
1110 501 1231 533 cum
1265 486 1426 533 etiam

27 582 34 586 ·
86 567 292 617 laevam
327 563 636 630 restringere
670 562 869 628 prolata
901 561 1114 626 longius
1146 560 1324 610 dextra
1357 560 1426 611 sit

89 641 349 694 odiosum.
427 641 583 690 Unde
619 656 865 697 moneor,
916 647 980 687 ut
1011 653 1080 686 ne
1113 637 1171 686 id
1203 638 1426 702 quidem

87 730 371 779 transeam,
411 714 726 784 ineptiffime
752 714 891 775 fieri,
932 732 1054 763 cum
1084 715 1224 768 inter
1245 732 1423 766 moras

85 795 454 846 laudationum
493 806 585 844 aut
626 796 685 843 in
718 810 899 842 aurem
929 793 1150 853 alicujus
1186 793 1424 859 loquun-

83 884 189 931 tur,
223 883 314 922 aut
336 890 459 922 cum
482 870 749 927 sodalibus
772 874 1028 932 jocantur,
1054 879 1144 918 aut
1169 887 1423 919 nonnun—

83 965 244 1015 quam
265 949 330 998 ad
351 950 595 998 librarios
619 947 741 997 suos
761 947 834 995 ita
858 946 1161 1012 respiciunt,
1192 957 1255 996 ut
1274 946 1423 1014 spor-

79 1026 247 1075 tulam
267 1025 461 1074 dictare
475 1024 772 1074 videantur.
815 1025 1065 1072 Inclinari
1087 1023 1152 1070 ad
1170 1023 1419 1084 judicem,
1431 1047 1499 1084 152
1560 1059 1570 1090 f-

78 1119 202 1152 cum
243 1101 456 1160 doceas,
495 1103 683 1166 utique
713 1099 758 1148 fi
790 1099 875 1158 id,
917 1099 983 1148 de
1016 1116 1124 1165 quo
1159 1101 1450 1166 loquaris‚'

718 1177 1030 1227 Incumbere
1057 1176 1310 1228 advocato
1331 1178 1424 1228 ad-

162 1362 255 1397 152.
275 1352 314 1402 fi
344 1354 393 1390 id.
437 1353 567 1389 Turic.
592 1351 798 1402 flonsuis.
832 1353 930 1387 Mox
950 1353 1037 1387 licet
1056 1352 1264 1387 nobiscum
1283 1353 1420 1392 Turic.

76 1408 181 1446 Flor.
214 1410 346 1459 Camp.
378 1421 424 1446 ut
453 1420 490 1445 et
518 1408 620 1445 Alm.
657 1410 760 1444 decet
785 1408 942 1457 reliqui.
978 1408 1130 1457 diversis
1162 1408 1279 1445 Goth.
1315 1410 1420 1454 (err,

70 1551 241 1602 plicatur
261 1566 333 1590 nec
354 1553 568 1603 quidquam
592 1551 714 1600 gestus

71 1610 244 1658 peragit:
281 1610 390 1659 ‘quod
421 1623 537 1658 quam
556 1609 604 1645 fit
623 1608 714 1644 alie-

70 1678 167 1701 num
180 1674 226 1702 *et
243 1667 484 1707 indecorum,
512 1680 558 1702 eo
577 1665 714 1713 impri-

72 1721 149 1757 mis
175 1733 342 1772 apparet,
365 1722 472 1771 quod
491 1736 540 1757 ne
566 1735 607 1756 ea
630 1721 715 1769 qui-

74 1777 186 1817 dem,
218 1791 315 1826 quae
343 1789 381 1813 et
409 1776 555 1826 [emper
577 1787 616 1812 et
635 1790 713 1810 ma·

73 1832 180 1867 xime
211 1833 359 1882 agendo
389 1833 551 1869 inservit
580 1832 713 1868 dextra

75 1887 155 1933 (cf.
187 1888 218 1932 §.
245 1902 261 1923 1
274 1890 363 1937 14.)
381 1888 459 1924 [ine
482 1888 565 1924 ullo
583 1887 713 1924 laevae

71 1943 286 1982 ministerio
324 1943 510 1994 probatur
543 1955 608 1981 aut
633 1943 714 1994 pla-

74 2010 148 2037 cet.
206 2002 314 2038 Sinus
343 2001 501 2050 quidem
533 2002 715 2038 reducitur

71 2054 161 2097 hic,
201 2070 282 2094 non
309 2059 519 2100 deducitur,
555 2057 666 2094 velut
694 2071 715 2093 a

73 2112 228 2149 Caesare
295 2115 451 2162 jamjam
517 2114 713 2150 morituro

72 2166 252 2216 (Sueton.
277 2183 310 2207 c.
335 2171 445 2216 82.)‚
476 2171 570 2208 dum
594 2184 614 2206 a
634 2184 714 2206 me-

72 2223 151 2261 diis
171 2227 334 2274 genibus
359 2238 566 2269 retractus,
596 2228 639 2262 in
660 2226 713 2262 la-

69 2290 135 2317 tus
163 2284 389 2331 congeritur
426 2294 540 2332 atque
572 2282 712 2320 alleva·

70 2345 155 2378 tur,
185 2338 258 2374 ubi
288 2339 432 2375 astricta
462 2340 619 2375 dextrae
649 2353 712 2388 ap-

67 2392 322 2441 prehenl'ione
355 2396 612 2432 continendus
647 2397 710 2432 cst.

67 2448 158 2485 Hoc
196 2451 267 2486 effe
315 2452 474 2488 videtur
514 2453 619 2501 quod
667 2453 711 2488 in

69 2498 177 2542 saeva
214 2505 429 2557 ufir-ingere
458 2522 615 2544 manum
646 2523 709 2557 ap·

69 2558 189 2609 nellat
215 2565 362 2607 noster,
394 2565 462 2601 usu
488 2566 600 2602 verbi
625 2567 709 2602 sane

72 2624 153 2652 non
169 2618 223 2655 ita
244 2620 451 2670 frequenti.

136 2673 238 2710 Unde
256 2690 416 2715 moneor.
446 2680 550 2715 Haec
568 2679 598 2715 si
620 2680 710 2716 effet

71 2728 266 2769 manifesta
293 2732 488 2773 librorum
509 2736 709 2789 scriptura,

771 1552 856 1588 satis
877 1550 988 1588 facile
1009 1551 1320 1600 intelligeretur:
1350 1553 1420 1589 etsi

770 1608 888 1658 paulo
929 1607 1159 1644 insolentior
1196 1608 1246 1644 est
1275 1611 1418 1652 oratio,

772 1666 878 1714 quod
898 1666 953 1701 ait
974 1666 1009 1700 se
1030 1665 1134 1705 inde,
1166 1665 1274 1714 quod
1292 1665 1416 1702 modo

769 1721 1078 1769 reprehendebat
1090 1746 1100 1761 ,

770 1778 950 1825 protinus
985 1777 1084 1813 alius
1126 1791 1282 1826 quoque
1320 1778 1417 1815 vitii

770 1833 1011 1868 notationem
1059 1832 1271 1881 subjungat.
1339 1834 1417 1871 Sed

770 1889 923 1924 fortaffe
971 1889 1122 1938 aliquid
1158 1889 1251 1926 latet
1290 1890 1332 1926 in
1361 1891 1415 1927 iis

772 1959 868 1994 quae
888 1945 955 1981 hic
976 1946 1134 1982 turbant
1145 1947 1309 1983 codices.
1329 1947 1417 1985 vid.

770 2012 852 2038 not.
875 2002 962 2038 crit.

820 2057 1031 2107 sportulam
1069 2059 1220 2096 dictare.
1281 2060 1417 2101 Servis

769 2115 847 2151 suis
877 2114 1049 2151 librariis
1085 2116 1280 2165 imperant
1307 2130 1435 2166 prae·-

770 2171 935 2207 bendam
959 2172 1084 2208 effufis
1104 2172 1212 2209 hitce
1240 2173 1417 2210 laudato-

769 2229 877 2263 ribus
918 2228 1138 2277 sportulam.
1232 2230 1418 2267 Remittit:

768 2297 839 2320 nos
872 2284 1058 2319 Gesnerus
1086 2285 1133 2319 ad
1159 2284 1257 2322 Plin.
1278 2287 1416 2335 Epistt.

769 2349 808 2381 2,
827 2345 888 2386 14,
906 2346 944 2386 4.
974 2340 1044 2381 „in
1056 2341 1183 2376 media
1196 2341 1414 2378 basilica—

766 2407 874 2437 „tam
904 2395 1030 2444 palam
1067 2398 1260 2446 sportulae
1293 2411 1415 2447 quant

767 2452 837 2494 „in
866 2452 1039 2489 triclinio
1071 2453 1249 2490 dantur.·⁸
1303 2455 1413 2490 Nota

767 2508 1024 2557 sportularum
1053 2511 1305 2558 petendarum
1327 2519 1411 2546 tur-

766 2565 919 2614 pitudo,
938 2564 1025 2601 teste
1042 2566 1209 2603 maxime
1220 2565 1412 2617 ,Iuvenale

768 2623 842 2657 Sat.
875 2637 908 2664 1,
938 2621 1162 2666 117-——26-

827 2688 918 2723 152.
959 2678 1167 2715 Incumbere
1210 2679 1411 2717 advocato.

768 2737 1011 2772 structuram
1041 2736 1190 2774 attende
1221 2748 1260 2774 et
1287 2736 1336 2775 cf.
1361 2748 1409 2788 9·

897 2815 1007 2852 an

1158 1722 1338 1763 moneri,
1371 1733 1419 1759 ut
1487 1734 1489 1743 ¹
