1676 3028
308 267 405 313 322
618 256 692 302 M.
723 256 856 301 FAB.
891 254 1271 316 QUINTILIAN
1273 255 1296 301 1

314 388 418 435 tus,
459 374 616 426 rediit
635 378 698 426 ad
721 394 858 434 eum,
897 378 1111 442 quicum
1128 376 1327 435 luserat,
1360 379 1510 444 isque
1541 379 1610 427 ita

314 451 509 501 factum
540 451 634 501 ess'e
665 450 916 502 confessus
949 451 1047 500 est:
1102 453 1278 502 minus
1307 452 1446 511 idem
1477 454 1609 503 ordo

314 528 508 576 valebit
537 529 595 576 in
624 528 880 585 oratione,
923 525 1215 592 praesertim
1256 536 1396 585 totus
1434 529 1610 578 nostro

316 602 528 650 arbitrio
571 602 902 659 constitutus,
949 613 1069 650 cum
1097 611 1297 649 tantum
1324 603 1415 650 ille
1446 605 1612 651 valeat

233 693 287 733 69
314 678 572 724 alternus?
619 679 785 726 Etiam
815 694 944 742 quae
971 678 1103 724 bene
1134 674 1411 740 composita
1442 688 1613 735 erunt,

307 752 614 800 memoriam
634 751 760 800 serie
781 751 870 800 fua
890 752 1092 800 ducent.
1169 752 1309 799 Nam
1337 750 1470 800 ficut
1492 751 1616 799 faci-

307 826 413 875 lius
454 825 629 876 versus
671 826 970 885 ediscimus,
1007 843 1162 892 quam
1192 823 1392 891 prosam
1425 827 1615 875 oratio·

309 917 458 950 nem:
504 902 575 949 ita
593 902 770 966 prosae
791 904 988 960 vincta,
1026 918 1183 965 quam
1204 898 1453 950 diffoluta.
1531 902 1614 950 Sic

314 978 584 1040 contingit,
623 988 684 1025 ut
709 979 861 1026 etiam
882 994 1012 1042 quae
1033 993 1095 1025 ex
1118 987 1350 1042 tempore
1367 975 1616 1024 videban-

308 1061 396 1100 tur
437 1048 618 1109 effulh,
671 1054 735 1100 ad.
783 1052 1004 1101 verbum
1052 1052 1266 1117 repetita
1303 1050 1612 1117 reddantur:

309 1125 456 1190 quod
487 1143 629 1174 meae
662 1143 873 1191 quoque
905 1129 1184 1174 memoriae
1206 1124 1614 1175 mediocritatem

308 1200 645 1266 sequebatur‚-
659 1201 702 1250 si
724 1202 935 1267 quando
956 1204 1279 1250 interventus
1299 1202 1615 1266 aliquorum,

312 1340 439 1378 Guelf.
468 1342 563 1378 Exc.
591 1344 740 1380 Santen.
965 1343 1103 1392 quicum
1132 1338 1276 1389 luserat.
1303 1333 1434 1377 Turio.
1465 1351 1534 1388 quo
1556 1338 1615 1374 die

313 1410 391 1431 cum
408 1395 570 1445 cluserat.
591 1397 692 1434 Flor.
714 1410 784 1446 quo
803 1398 863 1433 clio
880 1411 958 1433 cum
977 1397 1119 1445 luserat,
1140 1396 1200 1432 red
1219 1409 1239 1431 a
1254 1396 1321 1431 see.
1343 1408 1394 1430 m.
1415 1409 1486 1444 quo
1500 1407 1576 1429 cum
1587 1395 1614 1430 l.

313 1462 352 1495 et
379 1452 428 1486 [ic
453 1452 584 1488 Ambr.
608 1461 643 1488 2.
679 1452 802 1488 Guelf.
821 1454 912 1489 Exc.
945 1456 1092 1488 Samen.
1121 1452 1252 1500 Camp.
1281 1463 1367 1486 cum
1394 1451 1495 1488 Voss'.
1518 1463 1551 1486 1.
1575 1457 1614 1492 5.

311 1507 425 1543 Bern.
442 1507 630 1553 Equidem
650 1520 720 1554 per
736 1508 1062 1555 transpofitionem
1084 1520 1102 1541 e
1122 1506 1276 1541 vetustis
1294 1505 1372 1540 illis
1385 1517 1498 1541 eruo:
1526 1516 1614 1552 quo·

315 1574 394 1596 cum
406 1563 470 1603 (an
482 1562 639 1608 quicum)
658 1562 778 1609 pridie
795 1562 900 1606 (inde
920 1562 987 1596 effe
1008 1560 1174 1596 litteram
1193 1560 1366 1608 suspicor,
1389 1572 1482 1606 quae
1493 1559 1613 1594 verbo

314 1613 452 1664 luserat
482 1616 738 1662 praemittitur
767 1617 809 1651 in
838 1617 998 1662 Turio.)
1025 1615 1168 1663 luserat,
1197 1628 1275 1662 quo
1301 1615 1422 1661 major
1441 1623 1615 1662 appareat

316 1670 523 1708 memoriae
547 1671 620 1706 vis.
859 1668 1075 1717 constitutus.
1106 1670 1237 1706 Turio.
1258 1668 1358 1704 Flor.
1381 1670 1508 1717 camp
1531 1681 1614 1705 con·
1659 1676 1662 1681 “

306 1722 465 1774 structus
493 1738 579 1760 cum
605 1725 705 1761 Alm.
725 1725 835 1761 Bodl.
855 1726 971 1760 Andr.
1000 1727 1058 1760 An
1076 1725 1152 1760 fuit
1170 1722 1401 1772 constrictus?
1423 1723 1469 1759 cf.
1494 1737 1528 1765 1,
1553 1732 1614 1766 ¹3·

319 1793 354 1816 ι.
387 1790 425 1823 7,
446 1788 484 1822 3,
509 1787 570 1822 14.
604 1780 707 1814 nihil
726 1779 789 1815 hic
810 1780 927 1816 fuerit
945 1780 1016 1814 nisi
1028 1778 1191 1827 firmiter
1209 1778 1486 1827 comprehensus.
1519 1779 1616 1814 Mox

316 1836 447 1882 Camp.
470 1834 628 1869 alterius.
663 1835 857 1875 „Alterius
876 1834 1100 1880 conjiciebat
1119 1835 1310 1874 Francius,
1327 1833 1387 1868 [ed
1407 1845 1618 1883 perperam,

315 1890 393 1932 „in
416 1890 618 1925 duodecim
642 1891 743 1926 enim
762 1891 988 1939 scriptorum
1006 1889 1098 1925 ludo
1118 1889 1271 1925 alternis
1288 1888 1456 1929 luditur,
1485 1898 1524 1924 et
1544 1887 1617 1924 cal-

317 1969 342 1987 „
354 1945 435 1980 culi
455 1956 740 1992 promoventur.
754 1951 779 1966 ‘⁸
807 1947 1057 1980 Burmannus.

403 2009 468 2047 59.
498 1999 627 2048 prosae
654 2002 788 2042 vincta,
817 2013 924 2048 quam
951 1997 1132 2047 diffoluta.
1160 1999 1221 2034 Sic
1248 1998 1305 2035 ed.
1322 1997 1431 2035 Leid.
1451 1997 1620 2035 Choueti

317 2068 435 2103 marg.
447 2054 578 2092 Ambr.
591 2065 626 2091 2.
647 2053 737 2100 (hifi
756 2056 861 2103 quod
875 2055 941 2089 hic
959 2053 1094 2102 prose).
1124 2054 1196 2089 Sed
1208 2055 1336 2095 Turio.
1355 2052 1459 2102 prose
1478 2056 1617 2090 victata

320 2126 353 2160 q.
376 2109 559 2159 diffoluta.
583 2110 685 2146 Flor.
713 2109 842 2159 prosae
854 2112 1021 2154 junctam
1039 2113 1076 2153 (a
1095 2110 1162 2146 see.
1180 2122 1231 2143 m.
1249 2111 1392 2153 juncta)
1413 2123 1446 2157 q.
1467 2107 1614 2158 ἆζθὸῐιι·

289 2209 296 2214 ,
319 2177 371 2203 ta.
398 2166 521 2201 Guelf.
541 2166 632 2200 Exc.
656 2168 802 2201 Samen.
823 2166 880 2208 (in
900 2166 990 2199 Exc.
1011 2165 1164 2212 quidem
1186 2162 1357 2213 diffoluta
1374 2177 1453 2200 non
1472 2177 1616 2200 memo·

319 2222 451 2264 ratur)
470 2234 535 2268 per
548 2219 729 2268 sejuncta
749 2235 782 2270 q.
805 2218 986 2268 diffoluta.
1010 2220 1138 2267 Camp.
1159 2219 1288 2268 prosae
1303 2221 1430 2264 juncta
1450 2233 1485 2269 q.
1508 2217 1617 2268 diffo-

318 2277 412 2313 luta.
441 2275 598 2324 Reliqui
615 2276 762 2324 prosam
781 2278 940 2311 vinctam
960 2288 993 2322 q.
1015 2274 1242 2324 diffolutam,
1273 2274 1377 2322 quod
1394 2287 1502 2310 auree
1519 2274 1618 2321 ipsae

318 2332 511 2379 respuunt.
565 2331 739 2367 Nostram
760 2331 978 2378 [cripturam
998 2329 1134 2365 inscius
1158 2330 1318 2365 miratur
1339 2329 1452 2370 Gibs„
1481 2329 1620 2377 probat

319 2386 465 2435 peritus
486 2388 616 2420 Burm.
660 2386 834 2422 Ceterum
857 2385 972 2420 Goth.
991 2386 1087 2422 Jens.
1103 2387 1267 2429 junctam
1285 2397 1371 2420 cum
1392 2383 1492 2420 Voss‘.
1516 2393 1550 2418 2.
1582 2393 1621 2419 et

322 2441 407 2476 edd.
426 2441 580 2489 posterr.
603 2452 687 2476 ante
708 2441 798 2477 Bad.
816 2442 847 2474 E
865 2441 968 2476 Voff.
991 2450 1026 2482 5.
1055 2443 1193 2475 evincta
1214 2449 1399 2475 memorat
1417 2439 1545 2473 Burm.
1568 2438 1619 2474 fi·

322 2496 409 2531 dem
438 2496 581 2531 nostrae
609 2497 759 2532 faciens.
798 2497 897 2531 Mox
920 2498 1076 2542 contigit
1096 2496 1224 2530 Turio.
1243 2494 1342 2530 Flor.
1559 2490 1619 2540 fi*-

319 2551 504 2599 quebatur.
523 2550 648 2587 Guelf.
668 2552 782 2587 Goth.
803 2554 889 2596 (tac.
913 2551 1020 2587 Gern.
1039 2551 1100 2586 sed
1117 2564 1136 2585 a
1154 2564 1213 2599 pr.
1237 2559 1380 2584 tantum
1402 2549 1475 2595 m.)
1494 2546 1621 2597 seque·

372 2673 511 2720 quicum
525 2672 670 2721 luserat.
692 2671 738 2709 cf.
756 2684 835 2709 not.
856 2674 939 2711 crit.
1052 2680 1117 2720 59·
1127 2669 1354 2721 sequebatur.
1367 2669 1414 2706 cf·
1430 2681 1492 2711 ιο.
1507 2677 1543 2720 ξ.
1555 2666 1619 2704 26·

375 2726 597 2776 constitutus.
618 2729 666 2765 cf.
686 2739 768 2765 not.
788 2731 871 2766 crit.
