1676 3028
336 270 431 314 500
649 256 722 301 Μ.
760 256 891 302 FAB.
926 255 1334 316 QUINTILIANI

333 382 501 437 bitur,
537 390 624 427 aut
643 379 1010 444 improborum
1027 376 1212 425 scelera
1234 379 1533 444 compescet,
1553 391 1676 430 autu

333 457 393 505 in
433 455 745 521 pecuniariis
789 452 1176 517 quaestionibus
1223 455 1428 504 veritati
1469 468 1647 505 contra

334 530 645 579 calumniam
677 529 874 576 aderit?
951 529 1196 576 Summus
1224 528 1316 575 ille
1351 529 1564 593 quidem
1588 532 1646 578 in

332 605 417 654 his
447 621 660 668 quoque
704 602 951 667 operibus
995 601 1186 659 fuerit,
1248 601 1336 650 sed
1366 602 1648 664 majoribus

335 681 523 727 clarius
555 679 806 734 elucebit,
858 693 977 725 curn
998 677 1221 741 regenda
1243 676 1445 727 senatus
1483 678 1647 728 confi-

334 755 431 811 lia,
470 763 521 800 et
546 755 816 819 popularis
838 769 983 801 error
1017 752 1081 800 ad.
1111 753 1328 800 meliora
1363 750 1647 802 ducendus.

266 847 310 882 27
340 831 424 878 An
451 845 562 876 non
594 830 749 876 talem
784 827 1046 891 quendam
1082 827 1292 876 videtur
1314 826 1516 877 finxisse
1534 829 1649 876 Vir-

338 905 520 968 gilius,
560 919 719 966 quem
740 904 796 950 in
816 900 1069 951 seditione
1086 903 1263 967 vulgi,
1302 905 1404 962 jam
1441 902 1574 952 faces
1601 914 1651 952 et

338 977 451 1028 saxa
473 979 764 1039 jaculantis,
802 977 1182 1038 moderatorem
1204 977 1381 1026 dedit?

421 1099 551 1148 Tum
573 1100 765 1161 pietate
784 1114 1007 1164 gravem
1036 1114 1097 1144 ac
1123 1099 1313 1144 meritis
1319 1092 1378 1167 fi
1391 1093 1547 1165 forte
1569 1101 1651 1146 vi-

1000 1188 1111 1220 rum
1144 1189 1290 1232 quem

418 1242 738 1317 Conspexere
758 1283 772 1303 ,
825 1242 1008 1318 fileae,
1071 1250 1382 1310 arrectisque
1443 1244 1650 1296 auribus

1001 1317 1186 1388 astant.

339 1431 604 1480 Habemus
622 1431 784 1494 igitur
805 1439 921 1476 ante
947 1431 1122 1477 omnia
1135 1433 1303 1479 virum
1327 1428 1521 1490 bonum,
1537 1429 1654 1496 post

338 1506 465 1554 haec
493 1505 698 1565 adjiciet
716 1505 911 1550 dicendi
928 1507 1165 1567 peritum,

336 1677 436 1716 Jens.
467 1677 554 1721 (tac.
580 1674 706 1718 Gesn.)
735 1686 823 1710 cum
854 1674 937 1709 edd.
964 1674 1057 1722 post.
1080 1683 1164 1708 ante
1181 1673 1266 1708 Ald.
1479 1671 1549 1721 secl
1576 1687 1650 1708 ma·

334 1731 485 1776 juribus.
547 1730 609 1764 Sic
627 1730 758 1764 Tui-ic.
778 1729 910 1763 Ambr.
933 1739 967 1763 2.
997 1727 1122 1763 Guelf.
1151 1729 1281 1776 Camp.
1314 1738 1401 1764 eum
1425 1729 1525 1768 Voff.
1550 1740 1584 1764 ι.
1609 1736 1646 1771 3.

339 1789 377 1820 in
402 1786 572 1820 inserunt
590 1782 745 1830 reliqui.
777 1796 818 1818 ac
837 1796 924 1829 pop.
949 1783 1081 1830 Camp.

424 1870 489 1904 27.
522 1861 597 1898 talo
618 1860 795 1908 quaedam
819 1859 949 1894 Turic.
981 1858 1065 1894 indo
1089 1857 1198 1906 sedit.
1217 1859 1346 1896 Turic.
1591 1859 1652 1893 de-

340 1918 407 1952 «lic.
441 1916 556 1951 Goth.
584 1917 680 1953 Jens.
715 1927 802 1949 cum
827 1915 931 1950 Voss'.
956 1924 992 1949 2.
1026 1924 1063 1948 et
1090 1914 1172 1951 edd.
1195 1914 1287 1963 post.
1315 1924 1399 1950 ante
1419 1912 1527 1949 Bam.
1556 1914 1651 1967 ⁸³1³·

339 1974 448 2007 ciunt
474 1972 598 2005 animi.
660 1970 795 2018 Quod,
827 1969 1006 2004 refictum
1037 1968 1220 2004 duntaxat
1248 1969 1290 2004 in
1317 1970 1458 2009 animis,
1490 1968 1650 2004 neeeffa-

339 2026 443 2062 rium
463 2025 667 2061 structurae
688 2025 835 2066 cense'o,
868 2037 962 2072 quae
990 2024 1031 2058 in
1061 2022 1132 2059 illo
1153 2024 1255 2059 dedic
1284 2023 1402 2059 finem
1423 2035 1502 2059 non
1522 2022 1651 2060 habet·

611 2077 741 2128 astant·-
798 2081 904 2118 Hoc,
935 2091 1014 2113 non
1035 2075 1139 2126 adst„
1171 2079 1256 2114 dare
1281 2079 1411 2114 Turic.
1439 2078 1650 2125 Campfdi-

337 2137 430 2172 ferte
448 2148 623 2172 moneor.
876 2134 1034 2179 adjiciet.
1073 2134 1136 2168 Sic
1162 2134 1290 2170 Turio.
1314 2133 1550 2183 (quanquam
1572 2133 1651 2169 adi·

334 2299 450 2340 bantg
479 2311 550 2335 nec
570 2309 647 2335 erat
665 2298 770 2347 quod
781 2299 965 2333 Burman·
1021 2309 1205 2345 reponere
1235 2297 1381 2334 velim:
1442 2295 1559 2338 Hujus
1585 2292 1658 2328 Ῑιοό

334 2366 406 2390 nus
428 2367 520 2402 quae
555 2364 705 2402 optaret
730 2366 819 2402 prae
854 2353 961 2401 quod.
1021 2362 1134 2400 quota
1158 2365 1246 2399 pars
1272 2355 1352 2394 erit,
1380 2349 1490 2400 quod,
1522 2350 1648 2396 Quan-

333 2407 439 2443 Illud
464 2409 707 2448 insolentius,
743 2408 847 2455 quod
884 2420 963 2442 non
1021 2418 1135 2454 quam
1157 2406 1204 2442 cf.
1227 2420 1307 2442 var.
1333 2407 1419 2442 lect.

332 2463 513 2508 adjicitur
525 2464 730 2512 genitivus,
758 2462 867 2498 velut
885 2462 963 2497 lau·
1074 2471 1138 2503 27.
1169 2462 1281 2498 dedit.
1312 2462 1403 2497 vido
1424 2461 1502 2495 not.
1533 2459 1618 2494 crit.

331 2519 389 2552 dis
410 2530 475 2554 aut
494 2518 651 2561 similis3
690 2532 778 2553 nam
804 2518 853 2552 ric
882 2517 960 2552 fere
1073 2517 1233 2560 adjiciet.
1248 2515 1447 2552 Promittit
1457 2515 1560 2561 quasi
1572 2513 1648 2548 hoc

329 2572 503 2613 struitur,
544 2583 587 2608 ut
613 2574 711 2621 apud
735 2571 960 2611 juvenalem
1015 2571 1136 2606 noster
1175 2570 1382 2619 Virgilium
1417 2569 1644 2616 legentibus.

328 2629 385 2669 (3,
411 2628 510 2672 61.):
556 2638 667 2676 quota
693 2630 817 2676 portio
839 2626 960 2673 faecis
1014 2626 1131 2661 modo
1169 2625 1358 2660 attendere
1395 2623 1519 2660 velint
1546 2623 1646 2671 apud

326 2681 492 2717 Achaeae
508 2684 535 2718 i.
549 2685 780 2718 Graecorum
799 2681 956 2729 quidem
1011 2687 1161 2728 poetam
1178 2679 1363 2724 sequentia
1377 2693 1388 2719 ;
1417 2678 1646 2728 etoongruit

325 2735 542 2773 minimum.
570 2739 707 2786 Neque
720 2747 844 2774 tamen
863 2737 953 2772 ideo
1009 2733 1109 2771 illud
1128 2733 1234 2785 quod
1245 2733 1444 2785 praecellit
1463 2734 1645 2784 praesens»
