1696 3016
339 201 502 248 INST.
553 169 832 246 oftfffon.
879 196 1001 240 1213.
1049 195 1119 252 x,
1162 208 1204 238 1.
1403 207 1466 253 55

46 340 53 349 ‘
115 340 203 382 tus
232 330 377 382 enim
396 329 626 394 quisque
649 323 884 374 inveniri
907 314 1014 372 tam
1037 321 1257 371 demens
1281 322 1469 387 potest,

100 411 215 475 *qui
242 425 310 458 ne
339 407 561 455 minima
600 401 819 470 quidem
850 401 1071 461 alicujus
1108 411 1246 448 certe
1271 398 1468 450 fiducia

105 487 276 554 partis
309 484 622 532 memoriam
657 477 971 567 posteritatis
1003 476 1185 543 sperav
1190 478 1324 526 elit?
1373 479 1469 543 qui

103 561 152 616 *fi
187 564 307 629 quis
336 559 435 619 est,
474 561 614 609 intra
643 557 845 625 primos
873 553 1043 603 statim
1072 554 1252 604 versus
1281 555 1469 622 depre-

113 640 412 697 hendetur,
469 648 521 686 et
564 637 718 685 citius
762 650 861 683 nos
906 631 1162 690 dimittet,
1211 650 1372 698 quam
1409 644 1470 683 ut

114 721 232 781 ejus
253 716 411 766 nobis
437 730 633 781 magno
657 711 911 779 temporis
934 709 1254 759 detrimento
1270 709 1470 760 constet

115 871 220 916 flor.
256 856 391 919 eam'p.
435 868 536 918 quod
567 880 656 902 cum
682 865 801 902 Goth.
837 862 939 902 vau.
972 864 1077 899 voff.
1114 873 1150 900 ρ.
1197 874 1235 900 et
1263 863 1348 902 edd.
1379 867 1468 902 ant„

113 927 229 966 Bad„
262 926 332 974 qui
366 939 385 961 e
417 925 638 970 conjectura
669 921 776 972 quid,
811 931 848 956 et
875 922 923 955 fic
945 919 1074 956 Guelf.
1130 921 1284 956 Locum
1304 933 1468 971 propter

115 982 322 1031 caliginem
350 994 432 1018 non
468 980 630 1015 asterisci
658 978 719 1014 sed
750 976 839 1012 solis
874 975 1074 1024 splendore
1100 977 1279 1024 indigere
1295 978 1382 1014 satis
1403 992 1467 1014 ur-

101 1039 211 1076 >'bane
231 1038 378 1087 Regius
409 1038 472 1074 ait.
531 1037 731 1076 Nostrum,
761 1034 832 1069 nili
851 1032 978 1072 fallor,
1001 1045 1019 1066 a
1042 1031 1268 1070 Philandro.

197 1096 355 1131 inveniri
392 1104 468 1130 tam
508 1094 656 1128 demens
682 1087 822 1140 potest,
855 1092 931 1139 qui.
988 1089 1121 1125 Turio.
1153 1089 1250 1133 (nifi
1275 1092 1382 1140 quod
1402 1091 1470 1129 hic

113 1152 372 1197 invericande)
401 1151 506 1193 flor.
530 1153 567 1185 in
586 1151 743 1185 veritate
763 1160 863 1183 mens
884 1155 1017 1196 potens
1038 1145 1139 1195 quod
1159 1148 1405 1194 (pronomen
1425 1150 1470 1185 in

113 1210 248 1246 Turio.
270 1221 316 1244 eo
336 1206 572 1257 compendio
593 1205 792 1253 scriptum,
813 1203 920 1252 quod
936 1204 1042 1251 saepe
1062 1215 1136 1251 pro
1156 1205 1258 1250 qui);
1288 1219 1306 1238 a
1326 1205 1394 1241 sec.
1413 1219 1468 1244 m.

113 1276 279 1314 uterque
309 1267 347 1300 in
375 1267 533 1301 veritate
563 1271 704 1297 tumens
731 1269 936 1309 potensque
964 1261 1211 1307 (quanquam
1243 1261 1420 1298 enclitica
1447 1276 1470 1298 ο

114 1322 250 1358 Turic.
280 1335 361 1357 non
392 1318 590 1367 refertur)
620 1330 657 1353 et
682 1319 729 1352 fic
750 1315 880 1352 Guelf.
898 1318 1030 1363 Camp.
1055 1327 1144 1350 cum
1167 1316 1284 1353 Goth.
1304 1319 1410 1355 Voff.
1432 1331 1469 1356 2.

115 1389 155 1415 et
182 1378 268 1414 edd.
298 1388 384 1414 ante
414 1374 680 1423 Bafil.1fuerit
718 1374 812 1409 adeo
841 1375 975 1408 timens
1004 1370 1234 1419 postea-itatis
1263 1376 1328 1422 qui
1357 1375 1469 1417 Obr„

114 1448 232 1484 quam
255 1434 514 1470 mutationem
536 1444 624 1467 cum
647 1431 773 1466 nostra
795 1429 992 1477 l'cliptura¹
1020 1442 1039 1462 a
1062 1428 1151 1463 Phil
1154 1430 1275 1466 and1o
1290 1431 1471 1479 profecta

110 1489 589 1540 repofita,cornpa1ando
619 1486 835 1534 intelliges,
866 1498 946 1521 non
981 1486 1140 1533 quidem
1173 1487 1268 1533 quid
1293 1488 1358 1522 vil
1378 1489 1469 1525 viro

113 1547 275 1597 praestet
301 1546 456 1595 (neque
486 1546 590 1580 enim
611 1540 688 1579 hoc
709 1542 924 1591 provelbio
949 1543 1011 1577 uti
1030 1539 1184 1578 velim
1171 1556 1214 1578 111
1238 1543 1472 1592 Obrechto)

112 1604 176 1640 sed
198 1603 306 1639 aliud
326 1604 398 1639 effe
418 1614 562 1638 tentare
583 1600 729 1641 locum,
756 1598 862 1634 aliud
884 1599 1094 1647 persanare.
1302 1602 1468 1639 minima.

113 1659 234 1697 Goth.
266 1660 371 1698 Voss'.
405 1671 440 1696 2.
481 1660 596 1693 nimia
626 1658 703 1702 (cf.
735 1660 768 1704 ᾗ.
803 1664 868 1699 52.
900 1656 997 1690 item
1033 1653 1127 1699 42.)
1361 1666 1468 1694 certe.

113 1716 360 1753 Turic.Flor.
376 1718 495 1752 ceteri.
527 1714 598 1749 Ille
612 1728 631 1748 a
645 1715 712 1750 sec.
726 1727 778 1748 m.
810 1721 962 1751 ceterae,
983 1722 1020 1748 et
1041 1713 1089 1747 fic
1109 1712 1236 1749 Guelf.
1250 1726 1339 1749 cum
1350 1714 1470 1750 Goth.

112 1773 219 1812 Vols·
240 1784 276 1809 2.
307 1773 380 1818 (ni
410 1772 544 1811 fallor,
576 1771 709 1816 Vall.)
742 1781 780 1805 et
799 1769 884 1805 edd.
911 1781 998 1805 ante
1021 1767 1109 1805 Ald.
1158 1769 1320 1818 Reliqui
1351 1780 1470 1806 certae

113 1843 205 1866 cum
236 1831 369 1878 Camp.
427 1829 614 1864 Nostrum
635 1828 782 1875 Vidov.
811 1836 849 1862 et
869 1826 1013 1861 Vascos.
1033 1824 1131 1873 (nist
1151 1827 1341 1875 fortesper
1364 1839 1469 1863 erro-

113 1899 196 1922 rem
237 1885 344 1921 hunc
391 1886 570 1922 nominat
604 1884 764 1932 Gesm),
809 1882 1021 1932 probatum
1051 1883 1232 1918 Gesnero.
1291 1883 1472 1933 scientiae

106 1937 212 1978 ‘Obr.
233 1941 334 1978 male
353 1941 590 1991 ingeniosus.
820 1937 1047 1988 posteritatis
1056 1937 1276 1987 speraverit.
1336 1940 1471 1978 Turio.

113 2000 207 2034 attis
225 1997 263 2047 s.
322 1998 425 2034 Flor.
458 1999 590 2033 attidis
614 2000 823 2047 peraverit:
854 2009 873 2030 a
895 1996 964 2030 sec.
988 2009 1040 2031 m.
1065 2006 1230 2044 uterque
1261 1995 1400 2045 artiss.
1432 2007 1473 2032 et

111 2055 163 2090 ‘fic
183 2053 311 2091 Guelf.
333 2056 465 2104 Camp.
497 2068 587 2090 cum
607 2055 725 2091 Goth.
748 2054 853 2093 Voff.
879 2061 914 2086 2.
946 2051 1061 2089 Bodl.
1085 2062 1122 2088 et
1146 2052 1230 2088 edd.
1251 2063 1338 2088 ante
1358 2051 1469 2090 Bafil.

115 2122 192 2145 ace.
222 2110 318 2147 Obr.
335 2138 345 2151 ,
378 2111 449 2158 qui
477 2121 514 2146 et
547 2112 668 2147 modo
691 2113 826 2160 partiri
845 2121 919 2158 pro
939 2110 1079 2155 partis,
1111 2108 1184 2143 ubi
1201 2110 1335 2143 Bunn.
1357 2108 1472 2144 malit

107 2163 262 2217 sortiri;
293 2166 397 2201 mihi
426 2168 562 2214 partiri
585 2166 904 2216 francogallicum
925 2165 1085 2200 videtur
1102 2163 1357 2212 (μανίας-εν),
1389 2178 1471 2201 11011

109 2220 296 2258 latinum.
354 2223 416 2256 Ex
442 2222 544 2259 Alm.
577 2223 751 2258 referunt
780 2231 882 2258 artus
904 2220 939 2268 s.
1010 2223 1279 2256 Burmannum
1311 2220 1472 2270 quidem

115 2278 243 2314 miror
271 2278 391 2325 hujus
420 2278 502 2314 loci
523 2278 758 2314 medicinam
781 2287 1058 2327 expectantem.
1287 2291 1398 2328 quam.
1419 2286 1471 2313 ut.

113 2333 248 2371 Turio.
273 2333 378 2370 Flor.
401 2334 531 2372 Guelf.
560 2337 693 2385 Camp.
725 2350 760 2386 q.
783 2343 829 2371 et.

174 2471 242 2510 41.
284 2470 497 2504 memoriam
533 2465 769 2518 ‘posteritatis
824 2470 867 2505 in
888 2468 1037 2507 nostro,
1066 2480 1180 2516 quam
1202 2465 1239 2500 ei
1260 2461 1474 2500 excuffiffet

107 2520 319 2572 speraverit:
350 2524 378 2559 i.
414 2540 445 2561 e.
480 2538 624 2561 nomen
655 2526 767 2561 [uum
822 2526 1000 2575 profecto
1017 2523 1204 2560 hodierna
1221 2519 1474 2557 scribentium

114 2579 218 2614 inter
238 2579 441 2628 scriptores
459 2581 656 2617 librorum
673 2595 765 2631 pro·
822 2581 1024 2620 sedulitas,
1052 2582 1078 2616 fi
1109 2578 1296 2630 potuiffet
1326 2587 1471 2624 cogno-

114 2630 229 2671 feffus
249 2637 304 2677 fit,
325 2635 390 2671 vel
408 2639 570 2674 omnino
592 2637 764 2686 aliquem
822 2640 877 2674 sce
861 2652 944 2679 πῃ)
994 2634 1221 2685 posteritatis
1257 2634 1474 2669 memoriam

109 2687 262 2730 hbrum
284 2693 461 2732 ediderit.
498 2696 657 2731 Nimiae
679 2696 763 2730 sane
822 2707 1064 2743 nequaquam
1096 2690 1379 2742 cogitantium,
1408 2687 1471 2723 sed

114 2744 623 2802 fimplicitatisuhocqvideri
641 2752 764 2801 potest
822 2753 1020 2788 Sosiorum
1050 2749 1226 2786 obolum.

919 2809 952 2843 C
986 2818 1007 2842 2
