1676 3028
315 278 412 324 270
560 292 562 296 ,
629 266 706 313 Μ.-
734 258 1304 329 FAB.·'QU1NT1L1'AN1

313 389 515 439 antistes
575 386 736 456 inagis
782 390 939 440 ferret
959 394 982 438 2
1053 394 1123 438 Ut
1175 407 1304 439 vero
1346 395 1626 455 ‘rationem
1655 423 1676 429 ..

310 465 626 516 defensionis
659 467 777 516 suae
813 466 1072 523 reddidit,
1130 482 1248 513 cum
1292 465 1343 514 se
1383 467 1626 518 studuisse

311 543 553 606 petitioni
595 543 814 607 Sulpicii
860 553 1036 591 contra
1070 541 1327 589 honorem
1358 545 1627 602 Murenae,
1656 548 1658 552 ’

311 620 420 665 non
491 616 632 664 idem
697 618 884 666 debere
953 618 1143 664 actioni
1216 627 1392 666 contra
1436 629 1658 684 ,caput‚‘

238 701 289 736 70
312 691 539 739 diceret?
578 696 745 760 Quam
775 693 927 740 molli
958 702 1129 739 autem
1157 694 1374 741 articulo
1394 695 1627 742 tractavit

307 768 599 815 Catonem?
649 772 797 827 cujus
831 777 1069 815 naturam
1098 765 1314 832 summe*
1330 768 1628 826 admiratus,-

306 858 419 889 non
446 841 608 905 ipsius
643 843 803 899 vitio,
840 841 928 890 sed
964 843 1159 891 Stoicae
1193 841 1378 901 sectae,
1398 844 1629 907 *quibus-

307 915 427 964 dam
498 917 556 964 in
627 918 782 966 rebus
857 916 1042 965 factam
1121 916 1390 968 duriorem
1454 919 1676 974 vi'deriw

305 991 546 1040 volebat:
596 1003 665 1043 ut,
688 994 825 1040 inter
864 1009 952 1042 eos
986 1010 1096 1040 non
1129 991 1386 1042 forensem
1415 1005 1630 1042 conten·
1667 1008 1676 1013 ⁸

309 1068 525 1123 tionem,
558 1066 646 1115 sed
666 1065 944 1116 studiosam
965 1067 1371 1133 disputationem
1395 1069 1628 1118 crederes
1668 1086 1676 1089 ·

237 1153 284 1189 7²
308 1140 553 1191 incidiffe.
631 1147 768 1191 Haec
799 1141 871 1189 est
907 1141 1140 1207 profecto
1175 1144 1304 1192 ratio
1327 1154 1391 1200 et,
1430 1143 1630 1192 certiffi-

307 1234 455 1266 mum
486 1227 881 1284 praeceptorum
915 1235 1104 1282 genus,
1141 1219 1284 1267 illius
1317 1220 1420 1267 viri
1458 1217 1628 1268 obser-

307 1293 466 1352 vatio,
502 1303 588 1351 ut,
623 1308 745 1342 cum
776 1293 979 1358 aliquid
1007 1293 1274 1342 detrahere
1302 1289 1439 1345 salva
1468 1296 1627 1359 gratia
1667 1311 1676 1323 ’

399 1460 446 1495 Ut
471 1455 556 1496 cero
575 1461 763 1495 rationem.
795 1458 925 1497 Turic-
956 1474 989 1494 u.
1011 1473 1135 1495 vereor
1163 1460 1262 1506 (post
1289 1459 1386 1495 hanc
1406 1471 1543 1502 vocem
1565 1459 1626 1494 in-

303 1515 465 1551 tervallo
485 1516 640 1561 relicto)
669 1518 863 1551 actionum.
923 1515 1028 1560 Quid
1048 1515 1092 1548 sit
1113 1515 1217 1560 quod
1245 1514 1327 1549 hiet
1350 1515 1409 1549 ibi
1429 1515 1624 1562 scriptura,
1656 1512 1660 1521 ‘

301 1583 382 1605 non
407 1582 570 1617 exputo;
602 1584 725 1618 neque
746 1570 847 1604 enim
872 1569 1081 1616 quidquam
1114 1569 1313 1603 commode
1344 1569 1498 1604 videtur
1523 1569 1624 1616 poss'e

301 1625 427 1661 inseri.
488 1625 559 1660 Sed
579 1625 732 1673 vulgata
751 1638 830 1660 non
859 1624 1064 1671 acquiesco,
1096 1634 1132 1658 et
1166 1637 1214 1658 ex
1234 1623 1362 1658 Turio.
1392 1623 1485 1658 haec
1508 1636 1632 1662 eruet,

308 1682 356 1715 Ut
377 1694 459 1715 vere
478 1689 547 1716 rac.
580 1693 667 1715 curn
701 1680 803 1715 enim
834 1679 1013 1726 scriptum
1038 1678 1126 1714 effet
1148 1677 1302 1726 vulgari
1326 1691 1456 1714 errore
1487 1681 1624 1715 oratio-

303 1749 385 1770 nem
411 1749 482 1783 pro
513 1744 582 1770 rat.
613 1749 707 1770 mox
738 1747 781 1769 or
809 1735 974 1771 adhaesit
995 1733 1056 1768 illi
1085 1748 1177 1770 vere,
1208 1735 1292 1771 Jam
1323 1744 1498 1774 ver-erat.
1522 1735 1624 1769 redd.

303 1789 420 1825 habet
447 1790 556 1824 illam
586 1792 755 1826 veritatls
792 1791 1031 1836 potestatem,
1064 1802 1158 1836 quae
1190 1788 1236 1824 efi
1267 1802 1354 1823 cum
1375 1789 1564 1836 aequitate
1588 1799 1625 1823 et

301 1845 445 1891 justitia
471 1847 684 1892 conjuncta,
715 1845 911 1892 quomodo
943 1844 1083 1879 dicitur
1108 1858 1190 1879 vere
1218 1841 1416 1891 aestimare.
1482 1845 1529 1878 Ut
1545 1857 1626 1879 vere

303 1910 430 1935 autem
449 1913 518 1948 pro
549 1915 657 1950 quam
672 1913 755 1936 vere
784 1900 939 1935 variasse
958 1899 1148 1947 putandus
1171 1899 1230 1938 est,
1262 1898 1388 1934 veluti
1417 1899 1518 1948 apud
1543 1898 1626 1936 Cic.

303 1955 354 1989 est
365 1955 498 1990 adAtt.
520 1967 556 1997 2,
583 1966 649 1992 21.
681 1956 955 1994 zat—humilis,
979 1951 1196 2001 utdenuffas
1208 1962 1304 1992 erat‚·
1330 1954 1371 1987 in
1385 1955 1526 2001 quibus
1537 1951 1623 1999 ipsis

302 2009 568 2046 locutionibus
606 2020 647 2048 uc
685 2023 762 2045 non
805 2021 879 2044 tam
915 2010 960 2043 ad
998 2021 1139 2044 nomen
1181 2009 1345 2056 pertinet
1389 2009 1625 2054 adjectivum

302 2077 418 2112 quam
447 2066 494 2100 ad
523 2068 696 2105 verbum,
727 2076 764 2100 et
792 2065 1027 2112 significatur
1054 2064 1192 2098 modus
1222 2063 1342 2110 magis
1373 2063 1537 2098 faciendi
1555 2062 1626 2102 aliq

303 2120 409 2166 quid,
442 2134 557 2168 quam
590 2122 727 2168 gradus
759 2120 1001 2168 praestantiae
1034 2130 1097 2154 aut
1128 2119 1300 2154 vilitatis·
1319 2118 1360 2151 in
1387 2131 1427 2152 re
1457 2118 1534 2166 ipsa
1560 2115 1624 2152 wil

301 2175 467 2220 persona.
503 2178 632 2225 Camp.
672 2188 712 2212 ut
732 2189 806 2211 non
824 2190 852 2211 r.
1080 2176 1227 2223 antiqni.
1261 2173 1322 2208 Sic
1354 2173 1483 2208 Turic.
1519 2172 1623 2208 Flor.
1669 2174 1676 2185 ¹

301 2229 384 2272 (hic
407 2244 426 2264 a
445 2244 502 2278 pr.
523 2233 595 2277 m.)
625 2234 755 2278 Camp.
788 2244 874 2266 cum
898 2230 999 2266 Alm.
1025 2230 1142 2264 Andr.
1175 2228 1332 2276 Reliqui
1361 2226 1591 2276 accusationi.

391 2295 454 2329 70.
474 2283 688 2334 studiosam.
717 2287 848 2322 Tui-ic.
874 2286 1004 2322 Ambr.
1020 2295 1054 2321 2.
1077 2281 1291 2332 studiosum.
1324 2280 1455 2332 Camfi.
1477 2279 1621 2330 studio·
1663 2323 1666 2326 .

298 2353 387 2386 rum.
421 2339 507 2377 Ald.
531 2338 788 2390 studiosorum.
1452 2379 1457 2383 .

381 2406 448 2441 7ι.
478 2398 575 2432 ratio
600 2406 645 2433 et.
670 2398 803 2433 Turio.
833 2399 861 2434 F
864 2397 935 2432 lor.
966 2391 1050 2450 (hic
1078 2409 1097 2432 a
1117 2408 1176 2445 pr.
1198 2392 1270 2445 m.)
1298 2394 1466 2429 inserunt
1489 2401 1527 2428 ut
1547 2406 1624 2428 cum
1656 2398 1661 2403 ’

302 2570 305 2575 1
362 2530 409 2565 Ut
439 2543 523 2564 vero
541 2532 739 2572 francionem.
778 2532 824 2567 cf.
855 2542 935 2567 not.
1045 2540 1068 2573 7
1078 2545 1112 2565 ι.
1162 2527 1384 2577 certfflmum
1410 2543 1466 2554 —-
1496 2537 1620 2573 genus.

302 2583 386 2620 crit.
989 2587 1075 2620 Hoc
1106 2598 1194 2620 cave
1233 2585 1365 2629 jungas
1407 2580 1526 2617 verbo
1559 2577 1620 2626 est,

359 2649 422 2681 70.
499 2645 667 2677 tractavit
751 2641 932 2677 Catonem.
988 2641 1049 2675 scd
1120 2638 1396 2686 appositionem
1446 2634 1620 2683 ‚agnosce

300 2693 452 2733 „Locus
475 2695 524 2729 est
544 2695 700 2732 divinus
730 2709 761 2732 c.
786 2707 835 2744 29
856 2697 938 2746 [ᾖδ’
988 2695 1096 2732 vocis
1118 2692 1328 2742 observatio.
1378 2687 1390 2693 ’

302 2747 498 2786 Gesnerus.
528 2751 573 2785 cf.
600 2762 637 2793 2,
673 2762 730 2793 12,
763 2761 799 2789 2.
