1676 3028
319 256 416 305 324
629 248 701 292 Μ.
737 248 865 291 FAB.
903 245 1303 305 QUINTILIANI

319 370 500 420 odium
522 387 629 417 non
653 365 877 426 afferant,
899 369 1220 433 coeperimus
1236 367 1615 418 ediscere·:tum

317 445 555 510 quotidie
577 444 794 502 adjicere
819 437 1047 508 singulos
1067 443 1258 502 versus,
1284 461 1512 508 quorum
1536 461 1615 490 ac-

322 518 462 567 cessio
482 519 647 566 labori
665 516 866 566 sensum
887 519 1192 566 incrementi
1210 534 1319 565 non
1337 515 1524 576 afferat,
1556 520 1614 565 in

320 593 573 642 summam
612 591 676 639 ad
717 590 988 641 infinitum
1026 609 1192 656 usque
1228 593 1519 656 perveniat:
1565 602 1615 640 et

319 669 520 733 poetica
534 669 695 731 prius,
732 677 845 715 tum
866 678 1147 725 oratorum,
1184 665 1446 715 noviffime
1464 667 1616 713 etiam

321 741 570 791 solutiora
610 732 866 798 numeris,
913 754 963 790 et
993 744 1153 806 magis
1188 742 1250 789 ab
1279 740 1378 789 usu
1409 740 1619 787 dicendi

245 831 298 873 42
318 827 545 873 remota,
582 818 752 880 qualia
778 815 896 864 sunt
928 817 1424 877 jurisconsultorum.
1473 805 1620 863 Diffi-

321 893 498 940 ciliora
521 893 661 939 enim
686 892 874 939 debent
897 890 991 939 effe
1006 929 1019 949 ,
1057 908 1188 956 quae
1215 899 1475 946 exercent,
1513 905 1621 952 quo

320 966 384 1015 sit
411 968 580 1015 levius
610 965 779 1030 ipsum
811 966 971 1023 illud,
1010 969 1066 1014 in
1091 966 1234 1030 quod
1265 974 1524 1013 exercent:
1561 974 1622 1011 ut

322 1041 538 1088 athletae
602 1041 921 1104 ponderibus
974 1041 1232 1105 plumbeis
1291 1037 1623 1086 affuefaciunt

323 1132 531 1172 manus,
571 1117 762 1179 quibus
793 1117 971 1164 vacuis
1002 1125 1051 1163 et
1077 1110 1232 1162 nudis
1265 1116 1323 1162 in
1347 1115 1624 1161 certamine

324 1190 583 1238 utendum
606 1189 688 1236 est.
729 1191 856 1238 Non
878 1191 1107 1239 omittam
1131 1191 1298 1244 etiam,
1329 1187 1475 1252 quod
1494 1202 1626 1250 quo-

323 1265 536 1312 tidianis
561 1265 923 1328 experimentis
950 1262 1372 1329 deprehenditur,
1409 1262 1625 1311 minime

324 1338 539 1387 fidelem
562 1336 656 1386 effe
688 1339 840 1402 paulo
864 1339 1176 1387 tardioribus
1198 1337 1420 1402 ingeniis
1450 1352 1625 1385 recen·
1646 1346 1652 1357 ¹

249 1417 304 1466 '45
327 1426 430 1463 tem
462 1415 779 1462 memoriam.
869 1417 1072 1462 Mirum
1109 1413 1254 1461 dictu
1288 1410 1384 1468 est,
1441 1428 1536 1459 nec
1565 1412 1647 1470 inx

322 1499 538 1554 promtu
570 1490 726 1545 ratio,
763 1500 1018 1551 quantum
1049 1504 1155 1535 nox
1179 1484 1480 1552 interposita
1504 1481 1625 1532 affe·-

437 1629 570 1664 odium.
601 1629 663 1664 Sic
689 1627 818 1662 Turic.
846 1626 949 1661 Flor.
975 1626 1106 1662 Ambr.
1127 1636 1162 1661 2.
1191 1625 1316 1662 Guelf.
1349 1627 1443 1660 Exc.
1475 1627 1643 1660 Santen.‘

324 1687 454 1733 Camp.
484 1696 570 1718 cum
600 1682 699 1718 Alm.
731 1681 840 1717 Bodl.
871 1681 972 1719 Voss'.
995 1695 1026 1716 1.
1048 1691 1084 1724 3.
1117 1682 1233 1717 Andr.
1265 1691 1300 1716 et
1323 1680 1471 1728 aliquot
1488 1682 1620 1714 Burm.

323 1739 483 1786 Reliqui
505 1739 673 1773 taedium.
707 1737 828 1771 Modo
847 1738 953 1783 pauci
973 1735 1102 1770 Ambr.
1123 1747 1158 1771 2.
1181 1735 1305 1771 Guelf.
1326 1737 1418 1770 item
1437 1747 1529 1769 mox
1544 1735 1623 1768 Tu·

324 1795 395 1829 ric.
417 1793 517 1828 Flor.
536 1792 618 1836 (hie
641 1806 659 1825 a
677 1805 733 1839 pr.
754 1790 823 1835 m.)
841 1789 1030 1837 adservant
1050 1803 1134 1824 cum
1158 1790 1257 1826 Alm.
1289 1782 1658 1836 Omittunt'singu-,¹

326 1850 383 1884 los
401 1848 531 1883 Turic.
556 1846 657 1881 Flor.
681 1845 780 1881 Alm.
812 1845 926 1892 Quod
946 1845 1071 1880 Turic.
1098 1845 1221 1880 Guelf.
1240 1847 1332 1880 Exc.
1351 1846 1499 1879 Samen.
1517 1843 1622 1878 addi-

326 1917 415 1943 cere,
447 1902 570 1936 levius
597 1903 690 1937 sane.
725 1903 798 1935 Pro
828 1901 876 1936 ad
897 1899 961 1947 inf.
984 1899 1107 1935 Guelf.
1123 1900 1238 1935 Goth.
1261 1902 1358 1944 (tac.
1380 1899 1513 1940 Gesn-)
1534 1912 1575 1932 ac
1597 1892 1624 1932 ἰ.Γ

326 1971 415 1994 cum
434 1956 536 1994 Voff.
558 1967 593 1991 2.
625 1957 720 1994 Jens.
744 1956 789 1990 cf.
818 1967 877 1995 10,
900 1965 935 1996 7,
959 1961 1021 1997 24.
1252 1957 1364 2002 prius,
1385 1962 1471 1989 tum.
1496 1952 1624 1989 Turic·
1645 1967 1647 1969 ’

324 2022 472 2061 pastum
493 2012 626 2056 (etiam
648 2011 876 2055 oratorium).
897 2011 1025 2058 Camp.
1049 2011 1148 2056 prius
1164 2007 1401 2058 postmodum.

405 2117 470 2156 42.
498 2109 674 2157 plumbeis
693 2108 940 2158 affuefaciunt.
962 2109 1091 2144 Turio.
1113 2108 1213 2143 Flor.
1234 2107 1322 2150 (hie
1343 2121 1363 2142 a
1382 2119 1438 2154 pr.
1459 2106 1539 2152 m.)
1558 2117 1625 2152 pu-

324 2165 427 2200 blicis
447 2164 724 2212 adsuefacerent.
753 2167 812 2198 Ex
829 2163 926 2200 Alm.
948 2164 1099 2198 nonnifi
1119 2164 1281 2211 publicis.
1325 2162 1393 2198 Ista
1414 2173 1484 2210 quo
1498 2159 1552 2209 sit
1569 2174 1626 2185 -··
1643 2201 1650 2216 Ι

323 2229 487 2266 exercent
507 2220 652 2254 omittit
670 2222 799 2267 Camp-

406 2325 471 2365 45.
501 2328 647 2368 promtu
665 2320 772 2365 ratio.
800 2318 930 2352 Turic-
951 2317 1053 2353 Flor.
1072 2317 1155 2363 (hic
1175 2331 1205 2353 a.
1222 2331 1279 2366 pr.
1291 2318 1361 2363 m.)
1378 2302 1525 2364 propter
1543 2319 1651 2348 ιιι-αι’

325 2375 388 2411 tio.
419 2375 519 2411 Alm.
539 2373 622 2422 post
642 2373 912 2420 compendium
931 2374 1039 2409 vocis
1055 2382 1204 2422 propter
1221 2373 1355 2409 habet:
1375 2385 1469 2410 cura.
1500 2369 1623 2404 Modo

380 2495 502 2530 odium
522 2494 664 2530 laboris
692 2494 819 2540 hujus.
842 2493 887 2527 cf.
911 2499 947 2537 8,
1060 2493 1106 2527 ab
1134 2492 1196 2540 usu
1222 2490 1364 2526 dicendi
1391 2489 1418 2524 i.
1442 2487 1623 2529 oratorio,

322 2555 436 2592 3,50.
469 2551 544 2585 Hic
565 2550 730 2597 quidem,
747 2548 850 2595 quod
861 2560 946 2582 raro
1002 2561 1049 2583 ne
1068 2548 1167 2582 forte
1189 2548 1295 2582 usum
1316 2544 1489 2590 loquendi
1514 2542 1624 2578 intel-

323 2605 367 2638 εἰ7
389 2605 596 2652 contingit,
641 2605 797 2639 taedium
827 2604 952 2637 modo'
1001 2602 1117 2649 ligas,
1151 2602 1218 2649 qui
1237 2601 1286 2635 est
1305 2600 1414 2636 etiam
1439 2598 1624 2633 remotior

320 2658 486 2706 positum
514 2660 700 2706 eleganter
722 2659 807 2693 odio
828 2657 947 2694 varia·
1001 2657 1047 2691 ab
1083 2657 1215 2691 orandi
1247 2654 1451 2699 majestate,
1495 2665 1621 2702 -quam

321 2712 392 2754 vit,
420 2726 467 2749 ne
493 2714 595 2750 idem
614 2722 835 2759 recurreretq
927 2731 929 2733 ·
1001 2713 1182 2747 ICtorum
1200 2710 1267 2746 illa
1287 2708 1463 2748 carmina,
