<?xml version="1.0" encoding="UTF-8"?>
<!DOCTYPE html PUBLIC "-//W3C//DTD XHTML 1.0 Transitional//EN"
    "http://www.w3.org/TR/xhtml1/DTD/xhtml1-transitional.dtd">
<html xmlns="http://www.w3.org/1999/xhtml" xml:lang="en" lang="en">
 <head>
  <title>
</title>
<meta http-equiv="Content-Type" content="text/html;charset=utf-8" />
  <meta name='ocr-system' content='tesseract 3.04.00' />
  <meta name='ocr-capabilities' content='ocr_page ocr_carea ocr_par ocr_line ocrx_word'/>
</head>
<body>
  <div class='ocr_page' id='page_1' title='image "./lexiconquintilia04bonnuoft/lexiconquintilia04bonnuoft_0464.png"; bbox 0 0 1676 3028; ppageno 0'>
   <div class='ocr_carea' id='block_1_1' title="bbox 290 200 1318 301">
    <p class='ocr_par' dir='ltr' id='par_1_1' title="bbox 290 200 1318 301">
     <span class='ocr_line' id='line_1_1' title="bbox 290 200 1318 301; baseline 0.007 -28"><span class='ocrx_word' id='word_1_1' title='bbox 290 267 296 274; x_wconf 85' lang='grc'>,</span> <span class='ocrx_word' id='word_1_2' title='bbox 325 250 423 301; x_wconf 73' lang='lat'>434</span> <span class='ocrx_word' id='word_1_3' title='bbox 637 237 712 284; x_wconf 86' lang='grc' dir='ltr'>Μ.</span> <span class='ocrx_word' id='word_1_4' title='bbox 746 238 877 283; x_wconf 85' lang='lat' dir='ltr'><strong>FAB.</strong></span> <span class='ocrx_word' id='word_1_5' title='bbox 912 200 1318 296; x_wconf 62' lang='lat' dir='ltr'><strong>QU1NT1L1AN1</strong></span> 
     </span>
    </p>
   </div>
   <div class='ocr_carea' id='block_1_2' title="bbox 260 348 1676 572">
    <p class='ocr_par' dir='ltr' id='par_1_2' title="bbox 260 348 1676 572">
     <span class='ocr_line' id='line_1_2' title="bbox 329 348 1629 428; baseline -0.004 -16"><span class='ocrx_word' id='word_1_6' title='bbox 329 348 389 413; x_wconf 76' lang='lat' dir='ltr'>in</span> <span class='ocrx_word' id='word_1_7' title='bbox 409 363 599 428; x_wconf 84' lang='lat' dir='ltr'>quibus</span> <span class='ocrx_word' id='word_1_8' title='bbox 632 360 788 410; x_wconf 81' lang='lat' dir='ltr'>multi</span> <span class='ocrx_word' id='word_1_9' title='bbox 814 358 933 406; x_wconf 83' lang='lat' dir='ltr'>funt</span> <span class='ocrx_word' id='word_1_10' title='bbox 965 356 1190 419; x_wconf 84' lang='lat' dir='ltr'>judices,</span> <span class='ocrx_word' id='word_1_11' title='bbox 1227 357 1371 423; x_wconf 86' lang='lat' dir='ltr'>quod</span> <span class='ocrx_word' id='word_1_12' title='bbox 1391 357 1629 415; x_wconf 87' lang='lat' dir='ltr'>dicimus,</span> 
     </span>
     <span class='ocr_line' id='line_1_3' title="bbox 334 434 1626 503; baseline -0.005 -17"><span class='ocrx_word' id='word_1_13' title='bbox 334 438 476 503; x_wconf 71' lang='lat' dir='ltr'>quasi</span> <span class='ocrx_word' id='word_1_14' title='bbox 508 437 723 500; x_wconf 82' lang='lat' dir='ltr'>singulis</span> <span class='ocrx_word' id='word_1_15' title='bbox 747 434 1006 482; x_wconf 83' lang='lat' dir='ltr'>inculcare</span> <span class='ocrx_word' id='word_1_16' title='bbox 1035 434 1360 498; x_wconf 75' lang='lat' dir='ltr'>peculiariter</span> <span class='ocrx_word' id='word_1_17' title='bbox 1390 434 1626 482; x_wconf 82' lang='lat' dir='ltr'>velimus.</span> 
     </span>
     <span class='ocr_line' id='line_1_4' title="bbox 260 507 1676 572; baseline -0.005 -10"><span class='ocrx_word' id='word_1_18' title='bbox 260 527 319 562; x_wconf 80' lang='lat'>13¹</span> <span class='ocrx_word' id='word_1_19' title='bbox 331 513 471 564; x_wconf 83' lang='lat' dir='ltr'>Illud.</span> <span class='ocrx_word' id='word_1_20' title='bbox 492 529 618 560; x_wconf 81' lang='lat' dir='ltr'>vero</span> <span class='ocrx_word' id='word_1_21' title='bbox 643 527 752 559; x_wconf 88' lang='lat' dir='ltr'>non</span> <span class='ocrx_word' id='word_1_22' title='bbox 774 508 1078 566; x_wconf 76' lang='lat' dir='ltr'>ferendum,</span> <span class='ocrx_word' id='word_1_23' title='bbox 1112 507 1259 572; x_wconf 81' lang='lat' dir='ltr'>quod.</span> <span class='ocrx_word' id='word_1_24' title='bbox 1284 507 1520 572; x_wconf 79' lang='lat' dir='ltr'>quidam,</span> <span class='ocrx_word' id='word_1_25' title='bbox 1550 525 1631 556; x_wconf 85' lang='lat' dir='ltr'>re·</span> <span class='ocrx_word' id='word_1_26' title='bbox 1659 533 1676 545; x_wconf 53' lang='grc' dir='ltr'>κ</span> 
     </span>
    </p>
   </div>
   <div class='ocr_carea' id='block_1_3' title="bbox 333 639 1674 1918">
    <p class='ocr_par' dir='ltr' id='par_1_3' title="bbox 333 639 1635 822">
     <span class='ocr_line' id='line_1_5' title="bbox 334 639 1635 709; baseline -0.005 -12"><span class='ocrx_word' id='word_1_27' title='bbox 334 663 418 698; x_wconf 74' lang='lat' dir='ltr'>edd.</span> <span class='ocrx_word' id='word_1_28' title='bbox 452 671 534 695; x_wconf 83' lang='lat' dir='ltr'>ante</span> <span class='ocrx_word' id='word_1_29' title='bbox 565 660 712 709; x_wconf 81' lang='lat' dir='ltr'>Gryph.</span> <span class='ocrx_word' id='word_1_30' title='bbox 740 671 827 695; x_wconf 85' lang='lat' dir='ltr'>cum</span> <span class='ocrx_word' id='word_1_31' title='bbox 855 657 953 694; x_wconf 79' lang='lat' dir='ltr'>Ahn.</span> <span class='ocrx_word' id='word_1_32' title='bbox 985 658 1087 695; x_wconf 86' lang='lat' dir='ltr'>Voss.</span> <span class='ocrx_word' id='word_1_33' title='bbox 1120 666 1156 699; x_wconf 79' lang='lat'>3.</span> <span class='ocrx_word' id='word_1_34' title='bbox 1196 639 1353 702; x_wconf 80' lang='lat' dir='ltr'>Reliqui</span> <span class='ocrx_word' id='word_1_35' title='bbox 1371 642 1408 704; x_wconf 82' lang='lat' dir='ltr'>si</span> <span class='ocrx_word' id='word_1_36' title='bbox 1429 665 1512 690; x_wconf 75' lang='lat' dir='ltr'>ante</span> <span class='ocrx_word' id='word_1_37' title='bbox 1537 655 1635 703; x_wconf 75' lang='lat' dir='ltr'>quod</span> 
     </span>
     <span class='ocr_line' id='line_1_6' title="bbox 335 704 1635 773; baseline -0.005 -20"><span class='ocrx_word' id='word_1_38' title='bbox 335 719 489 773; x_wconf 53' lang='lat' dir='ltr'>degnum</span> <span class='ocrx_word' id='word_1_39' title='bbox 524 716 711 750; x_wconf 76' lang='lat' dir='ltr'>inserunt:</span> <span class='ocrx_word' id='word_1_40' title='bbox 767 714 827 748; x_wconf 81' lang='lat' dir='ltr'>red</span> <span class='ocrx_word' id='word_1_41' title='bbox 854 713 982 748; x_wconf 88' lang='lat' dir='ltr'>nullus</span> <span class='ocrx_word' id='word_1_42' title='bbox 1022 714 1099 747; x_wconf 89' lang='lat' dir='ltr'>MS.</span> <span class='ocrx_word' id='word_1_43' title='bbox 1132 711 1206 747; x_wconf 87' lang='lat' dir='ltr'>hoc</span> <span class='ocrx_word' id='word_1_44' title='bbox 1238 711 1324 745; x_wconf 76' lang='lat' dir='ltr'>dare</span> <span class='ocrx_word' id='word_1_45' title='bbox 1352 704 1541 759; x_wconf 54' lang='lat' dir='ltr'>putandae</span> <span class='ocrx_word' id='word_1_46' title='bbox 1575 709 1635 747; x_wconf 78' lang='lat' dir='ltr'>est·</span> 
     </span>
     <span class='ocr_line' id='line_1_7' title="bbox 333 765 1307 822; baseline -0.01 -13"><span class='ocrx_word' id='word_1_47' title='bbox 333 771 428 822; x_wconf 72' lang='lat' dir='ltr'>vasis</span> <span class='ocrx_word' id='word_1_48' title='bbox 444 771 645 819; x_wconf 80' lang='lat' dir='ltr'>singularis</span> <span class='ocrx_word' id='word_1_49' title='bbox 667 770 844 805; x_wconf 68' lang='lat' dir='ltr'>inculcare</span> <span class='ocrx_word' id='word_1_50' title='bbox 862 769 1036 816; x_wconf 81' lang='lat' dir='ltr'>peculiari</span> <span class='ocrx_word' id='word_1_51' title='bbox 1054 767 1181 802; x_wconf 81' lang='lat' dir='ltr'>Turic.</span> <span class='ocrx_word' id='word_1_52' title='bbox 1206 765 1307 801; x_wconf 71' lang='lat' dir='ltr'>flor.</span> 
     </span>
    </p>

    <p class='ocr_par' dir='ltr' id='par_1_4' title="bbox 335 831 1674 1918">
     <span class='ocr_line' id='line_1_8' title="bbox 420 831 1638 880; baseline -0.003 -10"><span class='ocrx_word' id='word_1_53' title='bbox 420 846 508 879; x_wconf 76' lang='lat'>¹3¹·</span> <span class='ocrx_word' id='word_1_54' title='bbox 547 837 644 871; x_wconf 75' lang='lat' dir='ltr'>Illud</span> <span class='ocrx_word' id='word_1_55' title='bbox 683 848 766 872; x_wconf 81' lang='lat' dir='ltr'>vero</span> <span class='ocrx_word' id='word_1_56' title='bbox 807 848 879 871; x_wconf 85' lang='lat' dir='ltr'>non</span> <span class='ocrx_word' id='word_1_57' title='bbox 903 833 1107 880; x_wconf 76' lang='lat' dir='ltr'>ferendum.</span> <span class='ocrx_word' id='word_1_58' title='bbox 1155 833 1283 867; x_wconf 78' lang='lat' dir='ltr'>Turio.</span> <span class='ocrx_word' id='word_1_59' title='bbox 1314 831 1416 869; x_wconf 84' lang='lat' dir='ltr'>Flor.</span> <span class='ocrx_word' id='word_1_60' title='bbox 1446 832 1577 867; x_wconf 80' lang='lat' dir='ltr'>Ambr.</span> <span class='ocrx_word' id='word_1_61' title='bbox 1601 841 1638 866; x_wconf 84' lang='lat'>2·</span> 
     </span>
     <span class='ocr_line' id='line_1_9' title="bbox 336 885 1639 938; baseline -0.008 -8"><span class='ocrx_word' id='word_1_62' title='bbox 336 891 462 930; x_wconf 78' lang='lat' dir='ltr'>Guelf.</span> <span class='ocrx_word' id='word_1_63' title='bbox 499 894 527 927; x_wconf 87' lang='grc' dir='ltr'>Ι.</span> <span class='ocrx_word' id='word_1_64' title='bbox 564 905 637 926; x_wconf 80' lang='lat' dir='ltr'>non</span> <span class='ocrx_word' id='word_1_65' title='bbox 666 890 888 938; x_wconf 80' lang='lat' dir='ltr'>referendum</span> <span class='ocrx_word' id='word_1_66' title='bbox 927 901 1013 924; x_wconf 86' lang='lat' dir='ltr'>cum</span> <span class='ocrx_word' id='word_1_67' title='bbox 1035 889 1128 926; x_wconf 88' lang='lat' dir='ltr'>Jens.</span> <span class='ocrx_word' id='word_1_68' title='bbox 1150 885 1240 936; x_wconf 85' lang='lat' dir='ltr'>(err.</span> <span class='ocrx_word' id='word_1_69' title='bbox 1262 887 1384 930; x_wconf 84' lang='lat' dir='ltr'>Gesn.)</span> <span class='ocrx_word' id='word_1_70' title='bbox 1409 899 1447 923; x_wconf 87' lang='lat' dir='ltr'>et</span> <span class='ocrx_word' id='word_1_71' title='bbox 1467 886 1550 922; x_wconf 81' lang='lat' dir='ltr'>edd.</span> <span class='ocrx_word' id='word_1_72' title='bbox 1570 899 1639 934; x_wconf 82' lang='lat' dir='ltr'>po·</span> 
     </span>
     <span class='ocr_line' id='line_1_10' title="bbox 335 941 1636 991; baseline -0.009 -5"><span class='ocrx_word' id='word_1_73' title='bbox 335 949 436 986; x_wconf 80' lang='lat' dir='ltr'>sterr.</span> <span class='ocrx_word' id='word_1_74' title='bbox 462 957 545 982; x_wconf 77' lang='lat' dir='ltr'>ante</span> <span class='ocrx_word' id='word_1_75' title='bbox 567 946 652 982; x_wconf 79' lang='lat' dir='ltr'>Ald.</span> <span class='ocrx_word' id='word_1_76' title='bbox 675 948 703 982; x_wconf 92' lang='grc' dir='ltr'>Ι.</span> <span class='ocrx_word' id='word_1_77' title='bbox 724 959 808 981; x_wconf 78' lang='lat' dir='ltr'>vero</span> <span class='ocrx_word' id='word_1_78' title='bbox 832 944 1058 991; x_wconf 83' lang='lat' dir='ltr'>referendum</span> <span class='ocrx_word' id='word_1_79' title='bbox 1079 944 1207 990; x_wconf 86' lang='lat' dir='ltr'>Camp.</span> <span class='ocrx_word' id='word_1_80' title='bbox 1231 955 1319 977; x_wconf 88' lang='lat' dir='ltr'>cum</span> <span class='ocrx_word' id='word_1_81' title='bbox 1340 943 1454 977; x_wconf 79' lang='lat' dir='ltr'>Goth.</span> <span class='ocrx_word' id='word_1_82' title='bbox 1477 941 1578 978; x_wconf 79' lang='lat' dir='ltr'>Vols.</span> <span class='ocrx_word' id='word_1_83' title='bbox 1600 949 1636 975; x_wconf 83' lang='lat'>2.</span> 
     </span>
     <span class='ocr_line' id='line_1_11' title="bbox 335 996 1639 1047; baseline -0.007 -8"><span class='ocrx_word' id='word_1_84' title='bbox 335 1003 435 1042; x_wconf 85' lang='lat' dir='ltr'>Vall.</span> <span class='ocrx_word' id='word_1_85' title='bbox 466 1003 495 1036; x_wconf 90' lang='grc' dir='ltr'>Ι.</span> <span class='ocrx_word' id='word_1_86' title='bbox 528 1015 612 1038; x_wconf 84' lang='lat' dir='ltr'>vero</span> <span class='ocrx_word' id='word_1_87' title='bbox 642 1015 715 1037; x_wconf 84' lang='lat' dir='ltr'>non</span> <span class='ocrx_word' id='word_1_88' title='bbox 740 999 965 1047; x_wconf 81' lang='lat' dir='ltr'>referendum</span> <span class='ocrx_word' id='word_1_89' title='bbox 990 998 1076 1034; x_wconf 81' lang='lat' dir='ltr'>Ald.</span> <span class='ocrx_word' id='word_1_90' title='bbox 1106 1000 1135 1036; x_wconf 90' lang='grc' dir='ltr'>Ι.</span> <span class='ocrx_word' id='word_1_91' title='bbox 1163 1011 1247 1033; x_wconf 86' lang='lat' dir='ltr'>vero</span> <span class='ocrx_word' id='word_1_92' title='bbox 1284 996 1518 1045; x_wconf 76' lang='lat' dir='ltr'>refellendum</span> <span class='ocrx_word' id='word_1_93' title='bbox 1547 996 1639 1031; x_wconf 80' lang='lat' dir='ltr'><strong>Bad.</strong></span> 
     </span>
     <span class='ocr_line' id='line_1_12' title="bbox 335 1051 1642 1105; baseline -0.008 -10"><span class='ocrx_word' id='word_1_94' title='bbox 335 1058 446 1096; x_wconf 77' lang='lat' dir='ltr'><strong>Bam.</strong></span> <span class='ocrx_word' id='word_1_95' title='bbox 468 1070 555 1092; x_wconf 88' lang='lat' dir='ltr'>cum</span> <span class='ocrx_word' id='word_1_96' title='bbox 578 1056 727 1105; x_wconf 83' lang='lat' dir='ltr'>aliquot</span> <span class='ocrx_word' id='word_1_97' title='bbox 755 1058 886 1090; x_wconf 76' lang='lat' dir='ltr'>Burm.</span> <span class='ocrx_word' id='word_1_98' title='bbox 908 1056 936 1089; x_wconf 90' lang='grc' dir='ltr'>Ι.</span> <span class='ocrx_word' id='word_1_99' title='bbox 958 1062 1028 1088; x_wconf 76' lang='lat' dir='ltr'>non</span> <span class='ocrx_word' id='word_1_100' title='bbox 1043 1052 1237 1099; x_wconf 78' lang='lat' dir='ltr'>ferendum</span> <span class='ocrx_word' id='word_1_101' title='bbox 1259 1051 1415 1088; x_wconf 82' lang='lat' dir='ltr'>exAlm.</span> <span class='ocrx_word' id='word_1_102' title='bbox 1438 1051 1538 1087; x_wconf 81' lang='lat' dir='ltr'>Voss&#39;.</span> <span class='ocrx_word' id='word_1_103' title='bbox 1560 1064 1588 1086; x_wconf 91' lang='grc' dir='ltr'>ι.</span> <span class='ocrx_word' id='word_1_104' title='bbox 1605 1058 1642 1091; x_wconf 70' lang='grc'>5.</span> 
     </span>
     <span class='ocr_line' id='line_1_13' title="bbox 335 1105 1644 1154; baseline -0.008 -5"><span class='ocrx_word' id='word_1_105' title='bbox 335 1114 454 1154; x_wconf 81' lang='lat' dir='ltr'>refert</span> <span class='ocrx_word' id='word_1_106' title='bbox 482 1113 612 1148; x_wconf 79' lang='lat' dir='ltr'>Burm.</span> <span class='ocrx_word' id='word_1_107' title='bbox 654 1111 816 1148; x_wconf 85' lang='lat' dir='ltr'>Videtur</span> <span class='ocrx_word' id='word_1_108' title='bbox 848 1109 968 1144; x_wconf 81' lang='lat' dir='ltr'>nostra</span> <span class='ocrx_word' id='word_1_109' title='bbox 999 1109 1068 1143; x_wconf 76' lang='lat' dir='ltr'>effe</span> <span class='ocrx_word' id='word_1_110' title='bbox 1102 1122 1121 1143; x_wconf 90' lang='lat' dir='ltr'>e</span> <span class='ocrx_word' id='word_1_111' title='bbox 1150 1121 1239 1143; x_wconf 77' lang='lat' dir='ltr'>vera</span> <span class='ocrx_word' id='word_1_112' title='bbox 1261 1107 1340 1142; x_wconf 83' lang='lat' dir='ltr'>viri</span> <span class='ocrx_word' id='word_1_113' title='bbox 1359 1106 1519 1151; x_wconf 82' lang='lat' dir='ltr'>alicujus</span> <span class='ocrx_word' id='word_1_114' title='bbox 1538 1105 1644 1140; x_wconf 86' lang='lat' dir='ltr'>docti</span> 
     </span>
     <span class='ocr_line' id='line_1_14' title="bbox 338 1161 1640 1214; baseline -0.008 -10"><span class='ocrx_word' id='word_1_115' title='bbox 338 1169 567 1214; x_wconf 77' lang='lat' dir='ltr'>conjectura.</span> <span class='ocrx_word' id='word_1_116' title='bbox 590 1169 739 1211; x_wconf 8' lang='lat' dir='ltr'>trajecta</span> <span class='ocrx_word' id='word_1_117' title='bbox 758 1175 944 1200; x_wconf 74' lang='lat' dir='ltr'>numerum</span> <span class='ocrx_word' id='word_1_118' title='bbox 965 1173 1050 1210; x_wconf 71' lang='lat' dir='ltr'>coge</span> <span class='ocrx_word' id='word_1_119' title='bbox 1070 1163 1199 1197; x_wconf 75' lang='lat' dir='ltr'>Turic.</span> <span class='ocrx_word' id='word_1_120' title='bbox 1224 1161 1324 1198; x_wconf 83' lang='lat' dir='ltr'>Flor,</span> <span class='ocrx_word' id='word_1_121' title='bbox 1345 1162 1494 1196; x_wconf 77' lang='lat' dir='ltr'>dextera</span> <span class='ocrx_word' id='word_1_122' title='bbox 1508 1161 1640 1195; x_wconf 79' lang='lat' dir='ltr'>Turio.</span> 
     </span>
     <span class='ocr_line' id='line_1_15' title="bbox 337 1208 1643 1274; baseline -0.008 -15"><span class='ocrx_word' id='word_1_123' title='bbox 337 1236 447 1274; x_wconf 81' lang='lat' dir='ltr'>usque</span> <span class='ocrx_word' id='word_1_124' title='bbox 464 1223 604 1257; x_wconf 71' lang='lat' dir='ltr'>lumbos</span> <span class='ocrx_word' id='word_1_125' title='bbox 627 1222 759 1257; x_wconf 86' lang='lat' dir='ltr'>Turic.</span> <span class='ocrx_word' id='word_1_126' title='bbox 781 1220 882 1255; x_wconf 82' lang='lat' dir='ltr'>Flor.</span> <span class='ocrx_word' id='word_1_127' title='bbox 907 1219 1038 1253; x_wconf 85' lang='lat' dir='ltr'>Ambr.</span> <span class='ocrx_word' id='word_1_128' title='bbox 1067 1229 1101 1252; x_wconf 80' lang='lat'>2.</span> <span class='ocrx_word' id='word_1_129' title='bbox 1126 1216 1249 1253; x_wconf 89' lang='lat' dir='ltr'>Guelf.</span> <span class='ocrx_word' id='word_1_130' title='bbox 1271 1208 1402 1263; x_wconf 72' lang='lat' dir='ltr'>camp.</span> <span class='ocrx_word' id='word_1_131' title='bbox 1415 1216 1529 1250; x_wconf 85' lang='lat' dir='ltr'>Goth.</span> <span class='ocrx_word' id='word_1_132' title='bbox 1545 1214 1643 1252; x_wconf 84' lang='lat' dir='ltr'>Jens.</span> 
     </span>
     <span class='ocr_line' id='line_1_16' title="bbox 342 1269 1645 1322; baseline -0.008 -9"><span class='ocrx_word' id='word_1_133' title='bbox 342 1283 429 1322; x_wconf 82' lang='lat' dir='ltr'>(tac.</span> <span class='ocrx_word' id='word_1_134' title='bbox 463 1278 591 1322; x_wconf 81' lang='lat' dir='ltr'>Gesu.)</span> <span class='ocrx_word' id='word_1_135' title='bbox 620 1289 705 1311; x_wconf 87' lang='lat' dir='ltr'>cum</span> <span class='ocrx_word' id='word_1_136' title='bbox 731 1276 842 1310; x_wconf 79' lang='lat' dir='ltr'>Tarv.</span> <span class='ocrx_word' id='word_1_137' title='bbox 863 1273 948 1310; x_wconf 83' lang='lat' dir='ltr'>Ald.</span> <span class='ocrx_word' id='word_1_138' title='bbox 997 1273 1074 1308; x_wconf 85' lang='lat' dir='ltr'>Ubi</span> <span class='ocrx_word' id='word_1_139' title='bbox 1091 1273 1166 1306; x_wconf 85' lang='lat' dir='ltr'>sine</span> <span class='ocrx_word' id='word_1_140' title='bbox 1188 1271 1466 1320; x_wconf 81' lang='lat' dir='ltr'>praepositione</span> <span class='ocrx_word' id='word_1_141' title='bbox 1486 1269 1645 1304; x_wconf 78' lang='lat' dir='ltr'>struatur</span> 
     </span>
     <span class='ocr_line' id='line_1_17' title="bbox 340 1324 1646 1382; baseline -0.008 -15"><span class='ocrx_word' id='word_1_142' title='bbox 340 1346 467 1382; x_wconf 80' lang='lat' dir='ltr'>usque,</span> <span class='ocrx_word' id='word_1_143' title='bbox 498 1332 570 1366; x_wconf 77' lang='lat' dir='ltr'>nisi</span> <span class='ocrx_word' id='word_1_144' title='bbox 590 1344 675 1366; x_wconf 86' lang='lat' dir='ltr'>cum</span> <span class='ocrx_word' id='word_1_145' title='bbox 698 1330 792 1370; x_wconf 86' lang='lat' dir='ltr'>loca,</span> <span class='ocrx_word' id='word_1_146' title='bbox 823 1341 902 1376; x_wconf 88' lang='lat' dir='ltr'>quo</span> <span class='ocrx_word' id='word_1_147' title='bbox 922 1327 1220 1375; x_wconf 84' lang='lat' dir='ltr'>perveniendum</span> <span class='ocrx_word' id='word_1_148' title='bbox 1241 1327 1305 1366; x_wconf 89' lang='lat' dir='ltr'>sit,</span> <span class='ocrx_word' id='word_1_149' title='bbox 1335 1324 1646 1363; x_wconf 76' lang='lat' dir='ltr'>demonstrantur,</span> 
     </span>
     <span class='ocr_line' id='line_1_18' title="bbox 340 1377 1647 1428; baseline -0.008 -5"><span class='ocrx_word' id='word_1_150' title='bbox 340 1401 419 1423; x_wconf 86' lang='lat' dir='ltr'>non</span> <span class='ocrx_word' id='word_1_151' title='bbox 437 1386 598 1422; x_wconf 84' lang='lat' dir='ltr'>memini</span> <span class='ocrx_word' id='word_1_152' title='bbox 621 1399 682 1420; x_wconf 85' lang='lat' dir='ltr'>me</span> <span class='ocrx_word' id='word_1_153' title='bbox 703 1384 1011 1421; x_wconf 76' lang='lat' dir='ltr'>animadvertere.</span> <span class='ocrx_word' id='word_1_154' title='bbox 1052 1382 1266 1420; x_wconf 73' lang='lat' dir='ltr'>reduxerunt</span> <span class='ocrx_word' id='word_1_155' title='bbox 1289 1390 1328 1416; x_wconf 83' lang='lat' dir='ltr'>ut</span> <span class='ocrx_word' id='word_1_156' title='bbox 1348 1377 1496 1428; x_wconf 76' lang='lat' dir='ltr'>fintstra</span> <span class='ocrx_word' id='word_1_157' title='bbox 1516 1379 1647 1413; x_wconf 80' lang='lat' dir='ltr'>Turio.</span> 
     </span>
     <span class='ocr_line' id='line_1_19' title="bbox 340 1433 1644 1489; baseline -0.009 -10"><span class='ocrx_word' id='word_1_158' title='bbox 340 1442 443 1479; x_wconf 81' lang='lat' dir='ltr'>Flor.</span> <span class='ocrx_word' id='word_1_159' title='bbox 478 1443 606 1489; x_wconf 81' lang='lat' dir='ltr'>Camp.</span> <span class='ocrx_word' id='word_1_160' title='bbox 638 1453 724 1475; x_wconf 89' lang='lat' dir='ltr'>cum</span> <span class='ocrx_word' id='word_1_161' title='bbox 757 1438 855 1474; x_wconf 85' lang='lat' dir='ltr'>Alm.</span> <span class='ocrx_word' id='word_1_162' title='bbox 889 1437 992 1474; x_wconf 82' lang='lat' dir='ltr'>Voff.</span> <span class='ocrx_word' id='word_1_163' title='bbox 1017 1448 1051 1472; x_wconf 86' lang='lat'>2.</span> <span class='ocrx_word' id='word_1_164' title='bbox 1083 1436 1201 1471; x_wconf 84' lang='lat' dir='ltr'>Goth.</span> <span class='ocrx_word' id='word_1_165' title='bbox 1234 1446 1270 1470; x_wconf 83' lang='lat' dir='ltr'>et</span> <span class='ocrx_word' id='word_1_166' title='bbox 1289 1435 1371 1470; x_wconf 75' lang='lat' dir='ltr'>edd.</span> <span class='ocrx_word' id='word_1_167' title='bbox 1394 1444 1477 1468; x_wconf 84' lang='lat' dir='ltr'>ante</span> <span class='ocrx_word' id='word_1_168' title='bbox 1496 1433 1644 1481; x_wconf 87' lang='lat' dir='ltr'>Gryph.</span> 
     </span>
     <span class='ocr_line' id='line_1_20' title="bbox 342 1488 1649 1542; baseline -0.008 -10"><span class='ocrx_word' id='word_1_169' title='bbox 342 1509 421 1532; x_wconf 57' lang='lat' dir='ltr'>exc.</span> <span class='ocrx_word' id='word_1_170' title='bbox 444 1496 528 1531; x_wconf 64' lang='grc' dir='ltr'>ΑΜ.</span> <span class='ocrx_word' id='word_1_171' title='bbox 553 1493 652 1542; x_wconf 63' lang='lat' dir='ltr'>gcsstu</span> <span class='ocrx_word' id='word_1_172' title='bbox 670 1494 800 1530; x_wconf 87' lang='lat' dir='ltr'>Ambr.</span> <span class='ocrx_word' id='word_1_173' title='bbox 817 1504 852 1528; x_wconf 87' lang='lat'>2.</span> <span class='ocrx_word' id='word_1_174' title='bbox 875 1505 961 1527; x_wconf 87' lang='lat' dir='ltr'>cum</span> <span class='ocrx_word' id='word_1_175' title='bbox 986 1492 1084 1527; x_wconf 82' lang='lat' dir='ltr'>Voss&#39;.</span> <span class='ocrx_word' id='word_1_176' title='bbox 1106 1490 1363 1538; x_wconf 79' lang='lat' dir='ltr'>1.spacientur</span> <span class='ocrx_word' id='word_1_177' title='bbox 1384 1499 1419 1523; x_wconf 83' lang='lat' dir='ltr'>et</span> <span class='ocrx_word' id='word_1_178' title='bbox 1432 1488 1649 1535; x_wconf 76' lang='lat' dir='ltr'>fabulentur</span> 
     </span>
     <span class='ocr_line' id='line_1_21' title="bbox 341 1539 1648 1598; baseline -0.009 -11"><span class='ocrx_word' id='word_1_179' title='bbox 341 1551 471 1598; x_wconf 83' lang='lat' dir='ltr'>Camp.</span> <span class='ocrx_word' id='word_1_180' title='bbox 493 1563 578 1586; x_wconf 88' lang='lat' dir='ltr'>cum</span> <span class='ocrx_word' id='word_1_181' title='bbox 604 1549 692 1584; x_wconf 74' lang='lat' dir='ltr'><strong>Bad.</strong></span> <span class='ocrx_word' id='word_1_182' title='bbox 711 1547 819 1583; x_wconf 78' lang='lat' dir='ltr'>Basil.</span> <span class='ocrx_word' id='word_1_183' title='bbox 846 1548 942 1589; x_wconf 89' lang='lat' dir='ltr'>(non</span> <span class='ocrx_word' id='word_1_184' title='bbox 961 1547 1089 1580; x_wconf 84' lang='lat' dir='ltr'>Locat.</span> <span class='ocrx_word' id='word_1_185' title='bbox 1113 1556 1155 1580; x_wconf 88' lang='lat' dir='ltr'>ut</span> <span class='ocrx_word' id='word_1_186' title='bbox 1177 1539 1483 1590; x_wconf 68' lang='lat' dir='ltr'>ssurm.)lae1&gt;am</span> <span class='ocrx_word' id='word_1_187' title='bbox 1501 1540 1648 1587; x_wconf 76' lang='lat' dir='ltr'>exstrin-</span> 
     </span>
     <span class='ocr_line' id='line_1_22' title="bbox 341 1598 1647 1656; baseline -0.008 -14"><span class='ocrx_word' id='word_1_188' title='bbox 341 1619 452 1656; x_wconf 81' lang='lat' dir='ltr'>guere</span> <span class='ocrx_word' id='word_1_189' title='bbox 479 1605 610 1640; x_wconf 77' lang='lat' dir='ltr'>Turio.</span> <span class='ocrx_word' id='word_1_190' title='bbox 646 1604 670 1638; x_wconf 91' lang='lat' dir='ltr'>l.</span> <span class='ocrx_word' id='word_1_191' title='bbox 704 1604 914 1650; x_wconf 74' lang='lat' dir='ltr'>extinguere</span> <span class='ocrx_word' id='word_1_192' title='bbox 943 1601 1044 1636; x_wconf 73' lang='lat' dir='ltr'>flor.</span> <span class='ocrx_word' id='word_1_193' title='bbox 1078 1601 1209 1646; x_wconf 80' lang='lat' dir='ltr'>longus</span> <span class='ocrx_word' id='word_1_194' title='bbox 1235 1601 1362 1634; x_wconf 75' lang='lat' dir='ltr'>dextra</span> <span class='ocrx_word' id='word_1_195' title='bbox 1391 1598 1492 1632; x_wconf 84' lang='lat' dir='ltr'>Flor.</span> <span class='ocrx_word' id='word_1_196' title='bbox 1517 1610 1647 1632; x_wconf 83' lang='lat' dir='ltr'>moneo</span> 
     </span>
     <span class='ocr_line' id='line_1_23' title="bbox 342 1652 1650 1710; baseline -0.008 -13"><span class='ocrx_word' id='word_1_197' title='bbox 342 1675 483 1710; x_wconf 82' lang='lat' dir='ltr'>quoque</span> <span class='ocrx_word' id='word_1_198' title='bbox 500 1669 552 1696; x_wconf 70' lang='grc' dir='ltr'>,ιιι</span> <span class='ocrx_word' id='word_1_199' title='bbox 580 1660 618 1694; x_wconf 78' lang='lat' dir='ltr'>id</span> <span class='ocrx_word' id='word_1_200' title='bbox 648 1659 790 1707; x_wconf 80' lang='lat' dir='ltr'>quidem</span> <span class='ocrx_word' id='word_1_201' title='bbox 810 1656 941 1692; x_wconf 82' lang='lat' dir='ltr'>Turio.</span> <span class='ocrx_word' id='word_1_202' title='bbox 971 1655 1071 1690; x_wconf 85' lang='lat' dir='ltr'>Flor.</span> <span class='ocrx_word' id='word_1_203' title='bbox 1108 1667 1194 1690; x_wconf 90' lang='lat' dir='ltr'>cum</span> <span class='ocrx_word' id='word_1_204' title='bbox 1222 1653 1322 1689; x_wconf 82' lang='lat' dir='ltr'>Alm.</span> <span class='ocrx_word' id='word_1_205' title='bbox 1354 1653 1425 1688; x_wconf 82' lang='lat' dir='ltr'>nisi</span> <span class='ocrx_word' id='word_1_206' title='bbox 1456 1652 1561 1700; x_wconf 79' lang='lat' dir='ltr'>quod</span> <span class='ocrx_word' id='word_1_207' title='bbox 1586 1652 1650 1686; x_wconf 83' lang='lat' dir='ltr'>hic</span> 
     </span>
     <span class='ocr_line' id='line_1_24' title="bbox 339 1706 1650 1759; baseline -0.01 -6"><span class='ocrx_word' id='word_1_208' title='bbox 339 1718 419 1753; x_wconf 78' lang='lat' dir='ltr'>fine</span> <span class='ocrx_word' id='word_1_209' title='bbox 437 1726 488 1751; x_wconf 77' lang='lat' dir='ltr'>ut.</span> <span class='ocrx_word' id='word_1_210' title='bbox 527 1727 675 1749; x_wconf 84' lang='lat' dir='ltr'>moneor</span> <span class='ocrx_word' id='word_1_211' title='bbox 692 1713 787 1748; x_wconf 79' lang='lat' dir='ltr'>unde</span> <span class='ocrx_word' id='word_1_212' title='bbox 806 1725 842 1748; x_wconf 86' lang='lat' dir='ltr'>n.</span> <span class='ocrx_word' id='word_1_213' title='bbox 861 1713 883 1745; x_wconf 88' lang='grc' dir='ltr'>ἰ.</span> <span class='ocrx_word' id='word_1_214' title='bbox 907 1725 941 1759; x_wconf 84' lang='lat' dir='ltr'>q.</span> <span class='ocrx_word' id='word_1_215' title='bbox 973 1710 1103 1745; x_wconf 85' lang='lat' dir='ltr'>Ambr.</span> <span class='ocrx_word' id='word_1_216' title='bbox 1120 1719 1153 1744; x_wconf 81' lang='lat'>2.</span> <span class='ocrx_word' id='word_1_217' title='bbox 1185 1713 1271 1744; x_wconf 76' lang='lat' dir='ltr'>cuin</span> <span class='ocrx_word' id='word_1_218' title='bbox 1294 1708 1395 1746; x_wconf 79' lang='lat' dir='ltr'>Voss.</span> <span class='ocrx_word' id='word_1_219' title='bbox 1417 1719 1449 1743; x_wconf 82' lang='lat'>1.</span> <span class='ocrx_word' id='word_1_220' title='bbox 1476 1717 1518 1742; x_wconf 87' lang='lat' dir='ltr'>ut</span> <span class='ocrx_word' id='word_1_221' title='bbox 1541 1706 1650 1741; x_wconf 81' lang='lat' dir='ltr'>vide-</span> 
     </span>
     <span class='ocr_line' id='line_1_25' title="bbox 341 1761 1651 1818; baseline -0.009 -12"><span class='ocrx_word' id='word_1_222' title='bbox 341 1783 416 1808; x_wconf 81' lang='lat' dir='ltr'>tur.</span> <span class='ocrx_word' id='word_1_223' title='bbox 448 1784 578 1805; x_wconf 76' lang='lat' dir='ltr'>moneo</span> <span class='ocrx_word' id='word_1_224' title='bbox 599 1781 739 1818; x_wconf 84' lang='lat' dir='ltr'>quoque</span> <span class='ocrx_word' id='word_1_225' title='bbox 759 1781 791 1801; x_wconf 87' lang='lat' dir='ltr'>u.</span> <span class='ocrx_word' id='word_1_226' title='bbox 814 1779 859 1800; x_wconf 82' lang='lat' dir='ltr'>ne</span> <span class='ocrx_word' id='word_1_227' title='bbox 880 1768 903 1800; x_wconf 83' lang='grc' dir='ltr'>ι’.</span> <span class='ocrx_word' id='word_1_228' title='bbox 926 1779 959 1812; x_wconf 85' lang='lat' dir='ltr'>q.</span> <span class='ocrx_word' id='word_1_229' title='bbox 981 1766 1108 1812; x_wconf 78' lang='lat' dir='ltr'>Camp.</span> <span class='ocrx_word' id='word_1_230' title='bbox 1135 1777 1283 1799; x_wconf 81' lang='lat' dir='ltr'>moneor</span> <span class='ocrx_word' id='word_1_231' title='bbox 1298 1777 1342 1797; x_wconf 80' lang='lat' dir='ltr'>ne</span> <span class='ocrx_word' id='word_1_232' title='bbox 1362 1765 1384 1796; x_wconf 82' lang='grc' dir='ltr'>ι’.</span> <span class='ocrx_word' id='word_1_233' title='bbox 1398 1777 1430 1810; x_wconf 82' lang='lat' dir='ltr'>q.</span> <span class='ocrx_word' id='word_1_234' title='bbox 1453 1761 1547 1799; x_wconf 84' lang='lat' dir='ltr'>Jens.</span> <span class='ocrx_word' id='word_1_235' title='bbox 1561 1773 1651 1795; x_wconf 87' lang='lat' dir='ltr'>cum</span> 
     </span>
     <span class='ocr_line' id='line_1_26' title="bbox 341 1816 1651 1874; baseline -0.008 -12"><span class='ocrx_word' id='word_1_236' title='bbox 341 1827 426 1862; x_wconf 81' lang='lat' dir='ltr'>edd.</span> <span class='ocrx_word' id='word_1_237' title='bbox 447 1827 601 1874; x_wconf 61' lang='lat' dir='ltr'>poster-r.</span> <span class='ocrx_word' id='word_1_238' title='bbox 623 1834 707 1858; x_wconf 81' lang='lat' dir='ltr'>ante</span> <span class='ocrx_word' id='word_1_239' title='bbox 725 1821 813 1857; x_wconf 83' lang='lat' dir='ltr'>Ald.</span> <span class='ocrx_word' id='word_1_240' title='bbox 836 1820 903 1869; x_wconf 86' lang='lat' dir='ltr'>qui</span> <span class='ocrx_word' id='word_1_241' title='bbox 923 1832 1071 1856; x_wconf 81' lang='lat' dir='ltr'>moneor</span> <span class='ocrx_word' id='word_1_242' title='bbox 1093 1832 1232 1868; x_wconf 81' lang='lat' dir='ltr'>quoque</span> <span class='ocrx_word' id='word_1_243' title='bbox 1252 1832 1286 1855; x_wconf 88' lang='lat' dir='ltr'>u.</span> <span class='ocrx_word' id='word_1_244' title='bbox 1310 1832 1345 1853; x_wconf 83' lang='lat' dir='ltr'>n.</span> <span class='ocrx_word' id='word_1_245' title='bbox 1370 1819 1394 1854; x_wconf 77' lang='lat' dir='ltr'>i.</span> <span class='ocrx_word' id='word_1_246' title='bbox 1415 1831 1448 1867; x_wconf 82' lang='lat' dir='ltr'>q.</span> <span class='ocrx_word' id='word_1_247' title='bbox 1467 1816 1651 1853; x_wconf 76' lang='lat' dir='ltr'>sedTarv.</span> 
     </span>
     <span class='ocr_line' id='line_1_27' title="bbox 340 1869 1674 1918; baseline -0.008 -3"><span class='ocrx_word' id='word_1_248' title='bbox 340 1894 483 1918; x_wconf 82' lang='lat' dir='ltr'>moneo.</span> <span class='ocrx_word' id='word_1_249' title='bbox 541 1878 658 1917; x_wconf 77' lang='lat' dir='ltr'>Nihil</span> <span class='ocrx_word' id='word_1_250' title='bbox 675 1876 856 1914; x_wconf 85' lang='lat' dir='ltr'>extundo.</span> <span class='ocrx_word' id='word_1_251' title='bbox 1671 1869 1674 1872; x_wconf 75' lang='grc'><strong>’</strong></span> 
     </span>
    </p>
   </div>
   <div class='ocr_carea' id='block_1_4' title="bbox 342 1996 974 2598">
    <p class='ocr_par' dir='ltr' id='par_1_5' title="bbox 342 1996 974 2598">
     <span class='ocr_line' id='line_1_28' title="bbox 402 1996 973 2046; baseline -0.009 -8"><span class='ocrx_word' id='word_1_252' title='bbox 402 2012 493 2046; x_wconf 78' lang='lat'>151.</span> <span class='ocrx_word' id='word_1_253' title='bbox 526 2000 624 2037; x_wconf 74' lang='lat' dir='ltr'>Illud</span> <span class='ocrx_word' id='word_1_254' title='bbox 651 2013 735 2036; x_wconf 79' lang='lat' dir='ltr'>vero</span> <span class='ocrx_word' id='word_1_255' title='bbox 762 2011 837 2034; x_wconf 84' lang='lat' dir='ltr'>non</span> <span class='ocrx_word' id='word_1_256' title='bbox 850 1996 973 2045; x_wconf 80' lang='lat' dir='ltr'>feren-</span> 
     </span>
     <span class='ocr_line' id='line_1_29' title="bbox 342 2055 972 2105; baseline -0.013 -10"><span class='ocrx_word' id='word_1_257' title='bbox 342 2059 428 2095; x_wconf 75' lang='lat' dir='ltr'>dum</span> <span class='ocrx_word' id='word_1_258' title='bbox 439 2078 492 2086; x_wconf 93' lang='lat'>—-</span> <span class='ocrx_word' id='word_1_259' title='bbox 505 2055 678 2105; x_wconf 56' lang='lat' dir='ltr'>o‘diosum.</span> <span class='ocrx_word' id='word_1_260' title='bbox 709 2055 783 2090; x_wconf 86' lang='lat' dir='ltr'>Hic</span> <span class='ocrx_word' id='word_1_261' title='bbox 803 2055 972 2102; x_wconf 82' lang='lat' dir='ltr'>primum</span> 
     </span>
     <span class='ocr_line' id='line_1_30' title="bbox 345 2109 971 2162; baseline -0.011 -13"><span class='ocrx_word' id='word_1_262' title='bbox 345 2114 502 2162; x_wconf 85' lang='lat' dir='ltr'>quidem</span> <span class='ocrx_word' id='word_1_263' title='bbox 523 2113 707 2157; x_wconf 81' lang='lat' dir='ltr'>objicitur</span> <span class='ocrx_word' id='word_1_264' title='bbox 722 2109 885 2145; x_wconf 82' lang='lat' dir='ltr'>difficilis</span> <span class='ocrx_word' id='word_1_265' title='bbox 905 2109 971 2143; x_wconf 77' lang='lat' dir='ltr'>illa</span> 
     </span>
     <span class='ocr_line' id='line_1_31' title="bbox 345 2168 973 2217; baseline -0.01 -13"><span class='ocrx_word' id='word_1_266' title='bbox 345 2180 456 2217; x_wconf 86' lang='lat' dir='ltr'>togae</span> <span class='ocrx_word' id='word_1_267' title='bbox 483 2168 603 2208; x_wconf 81' lang='lat' dir='ltr'>ratio,</span> <span class='ocrx_word' id='word_1_268' title='bbox 643 2179 754 2214; x_wconf 85' lang='lat' dir='ltr'>quam</span> <span class='ocrx_word' id='word_1_269' title='bbox 783 2175 826 2200; x_wconf 91' lang='lat' dir='ltr'>ut</span> <span class='ocrx_word' id='word_1_270' title='bbox 854 2175 973 2200; x_wconf 83' lang='lat' dir='ltr'>totam</span> 
     </span>
     <span class='ocr_line' id='line_1_32' title="bbox 347 2219 974 2272; baseline -0.006 -14"><span class='ocrx_word' id='word_1_271' title='bbox 347 2224 534 2272; x_wconf 80' lang='lat' dir='ltr'>expediat,</span> <span class='ocrx_word' id='word_1_272' title='bbox 556 2237 576 2258; x_wconf 84' lang='lat' dir='ltr'>a</span> <span class='ocrx_word' id='word_1_273' title='bbox 600 2222 751 2257; x_wconf 81' lang='lat' dir='ltr'>nem&#39;mc</span> <span class='ocrx_word' id='word_1_274' title='bbox 780 2219 974 2269; x_wconf 70' lang='lat' dir='ltr'>expectari</span> 
     </span>
     <span class='ocr_line' id='line_1_33' title="bbox 344 2279 689 2327; baseline -0.006 -13"><span class='ocrx_word' id='word_1_275' title='bbox 344 2279 448 2327; x_wconf 74' lang='lat' dir='ltr'>poffe</span> <span class='ocrx_word' id='word_1_276' title='bbox 488 2279 689 2317; x_wconf 76' lang='lat' dir='ltr'>existim03</span> 
     </span>
     <span class='ocr_line' id='line_1_34' title="bbox 344 2329 974 2382; baseline -0.01 -14"><span class='ocrx_word' id='word_1_277' title='bbox 344 2333 495 2382; x_wconf 77' lang='lat' dir='ltr'>aliquot</span> <span class='ocrx_word' id='word_1_278' title='bbox 516 2335 598 2373; x_wconf 88' lang='lat' dir='ltr'>VV.</span> <span class='ocrx_word' id='word_1_279' title='bbox 623 2334 714 2368; x_wconf 89' lang='lat' dir='ltr'>DD.</span> <span class='ocrx_word' id='word_1_280' title='bbox 738 2330 840 2366; x_wconf 63' lang='lat' dir='ltr'>nihil</span> <span class='ocrx_word' id='word_1_281' title='bbox 861 2329 974 2365; x_wconf 85' lang='lat' dir='ltr'>dubi-</span> 
     </span>
     <span class='ocr_line' id='line_1_35' title="bbox 345 2381 974 2436; baseline -0.01 -12"><span class='ocrx_word' id='word_1_282' title='bbox 345 2389 501 2424; x_wconf 74' lang='lat' dir='ltr'>tationis</span> <span class='ocrx_word' id='word_1_283' title='bbox 547 2381 740 2436; x_wconf 77' lang='lat' dir='ltr'>reliquisse</span> <span class='ocrx_word' id='word_1_284' title='bbox 789 2385 862 2420; x_wconf 82' lang='lat' dir='ltr'>fibi</span> <span class='ocrx_word' id='word_1_285' title='bbox 901 2384 974 2419; x_wconf 83' lang='lat' dir='ltr'>visi</span> 
     </span>
     <span class='ocr_line' id='line_1_36' title="bbox 346 2439 972 2480; baseline -0.006 -3"><span class='ocrx_word' id='word_1_286' title='bbox 346 2444 440 2479; x_wconf 81' lang='lat' dir='ltr'>sunt.</span> <span class='ocrx_word' id='word_1_287' title='bbox 481 2444 617 2480; x_wconf 77' lang='lat' dir='ltr'>Nostra</span> <span class='ocrx_word' id='word_1_288' title='bbox 640 2453 763 2477; x_wconf 81' lang='lat' dir='ltr'>tamen</span> <span class='ocrx_word' id='word_1_289' title='bbox 785 2439 901 2475; x_wconf 80' lang='lat' dir='ltr'>verba</span> <span class='ocrx_word' id='word_1_290' title='bbox 921 2440 972 2474; x_wconf 82' lang='lat' dir='ltr'>sa-</span> 
     </span>
     <span class='ocr_line' id='line_1_37' title="bbox 344 2495 973 2547; baseline -0.005 -15"><span class='ocrx_word' id='word_1_291' title='bbox 344 2499 406 2539; x_wconf 80' lang='lat' dir='ltr'>tis,</span> <span class='ocrx_word' id='word_1_292' title='bbox 436 2499 587 2547; x_wconf 83' lang='lat' dir='ltr'>opinor,</span> <span class='ocrx_word' id='word_1_293' title='bbox 616 2497 852 2544; x_wconf 76' lang='lat' dir='ltr'>assequimur.</span> <span class='ocrx_word' id='word_1_294' title='bbox 912 2495 973 2529; x_wconf 89' lang='lat' dir='ltr'>De</span> 
     </span>
     <span class='ocr_line' id='line_1_38' title="bbox 343 2549 968 2598; baseline -0.005 -12"><span class='ocrx_word' id='word_1_295' title='bbox 343 2553 525 2588; x_wconf 78' lang='lat' dir='ltr'>industria</span> <span class='ocrx_word' id='word_1_296' title='bbox 573 2553 638 2588; x_wconf 83' lang='lat' dir='ltr'>hic</span> <span class='ocrx_word' id='word_1_297' title='bbox 676 2563 784 2598; x_wconf 82' lang='lat' dir='ltr'>togae</span> <span class='ocrx_word' id='word_1_298' title='bbox 822 2549 968 2585; x_wconf 87' lang='lat' dir='ltr'>mentio</span> 
     </span>
    </p>
   </div>
   <div class='ocr_carea' id='block_1_5' title="bbox 756 2287 995 2322">
    <p class='ocr_par' dir='ltr' id='par_1_6' title="bbox 756 2287 995 2322">
     <span class='ocr_line' id='line_1_39' title="bbox 756 2287 995 2322; baseline -0.004 -13"><span class='ocrx_word' id='word_1_299' title='bbox 756 2287 972 2322; x_wconf 81' lang='lat' dir='ltr'><strong>quanquam</strong></span> <span class='ocrx_word' id='word_1_300' title='bbox 992 2310 995 2313; x_wconf 65' lang='grc'><strong>,</strong></span> 
     </span>
    </p>
   </div>
   <div class='ocr_carea' id='block_1_6' title="bbox 1026 1992 1656 2582">
    <p class='ocr_par' dir='ltr' id='par_1_7' title="bbox 1026 1992 1656 2582">
     <span class='ocr_line' id='line_1_40' title="bbox 1026 1992 1656 2046; baseline -0.011 -13"><span class='ocrx_word' id='word_1_301' title='bbox 1026 1997 1202 2046; x_wconf 84' lang='lat' dir='ltr'>scriptori</span> <span class='ocrx_word' id='word_1_302' title='bbox 1222 1994 1436 2044; x_wconf 79' lang='lat' dir='ltr'>legitimum</span> <span class='ocrx_word' id='word_1_303' title='bbox 1457 1992 1576 2034; x_wconf 85' lang='lat' dir='ltr'>modo</span> <span class='ocrx_word' id='word_1_304' title='bbox 1595 1992 1656 2027; x_wconf 86' lang='lat' dir='ltr'>in·</span> 
     </span>
     <span class='ocr_line' id='line_1_41' title="bbox 1028 2046 1655 2094; baseline -0.013 -6"><span class='ocrx_word' id='word_1_305' title='bbox 1028 2064 1085 2088; x_wconf 82' lang='lat' dir='ltr'>ter</span> <span class='ocrx_word' id='word_1_306' title='bbox 1139 2051 1408 2088; x_wconf 83' lang='lat' dir='ltr'>ambulandum</span> <span class='ocrx_word' id='word_1_307' title='bbox 1467 2046 1655 2094; x_wconf 82' lang='lat' dir='ltr'>loquendi</span> 
     </span>
     <span class='ocr_line' id='line_1_42' title="bbox 1027 2101 1656 2143; baseline -0.013 0"><span class='ocrx_word' id='word_1_308' title='bbox 1027 2109 1133 2143; x_wconf 84' lang='lat' dir='ltr'>usum</span> <span class='ocrx_word' id='word_1_309' title='bbox 1155 2106 1308 2142; x_wconf 84' lang='lat' dir='ltr'>docenti</span> <span class='ocrx_word' id='word_1_310' title='bbox 1326 2102 1570 2140; x_wconf 77' lang='lat' dir='ltr'>succurrebat.</span> <span class='ocrx_word' id='word_1_311' title='bbox 1606 2101 1656 2136; x_wconf 83' lang='lat' dir='ltr'>Ei</span> 
     </span>
     <span class='ocr_line' id='line_1_43' title="bbox 1026 2157 1656 2209; baseline -0.016 -9"><span class='ocrx_word' id='word_1_312' title='bbox 1026 2164 1127 2201; x_wconf 80' lang='lat' dir='ltr'>vitio</span> <span class='ocrx_word' id='word_1_313' title='bbox 1165 2174 1268 2197; x_wconf 82' lang='lat' dir='ltr'>nunc</span> <span class='ocrx_word' id='word_1_314' title='bbox 1302 2159 1534 2209; x_wconf 68' lang='lat' dir='ltr'>praepostera</span> <span class='ocrx_word' id='word_1_315' title='bbox 1566 2157 1656 2192; x_wconf 80' lang='lat' dir='ltr'>sini-</span> 
     </span>
     <span class='ocr_line' id='line_1_44' title="bbox 1028 2216 1655 2254; baseline -0.014 0"><span class='ocrx_word' id='word_1_316' title='bbox 1028 2218 1119 2254; x_wconf 82' lang='lat' dir='ltr'>strae</span> <span class='ocrx_word' id='word_1_317' title='bbox 1147 2229 1280 2252; x_wconf 73' lang='lat' dir='ltr'>manus</span> <span class='ocrx_word' id='word_1_318' title='bbox 1308 2216 1467 2251; x_wconf 77' lang='lat' dir='ltr'>nudatae</span> <span class='ocrx_word' id='word_1_319' title='bbox 1487 2222 1524 2248; x_wconf 83' lang='lat' dir='ltr'>et</span> <span class='ocrx_word' id='word_1_320' title='bbox 1548 2224 1655 2247; x_wconf 83' lang='lat' dir='ltr'>exer·</span> 
     </span>
     <span class='ocr_line' id='line_1_45' title="bbox 1028 2268 1656 2321; baseline -0.014 -12"><span class='ocrx_word' id='word_1_321' title='bbox 1028 2284 1086 2309; x_wconf 81' lang='lat' dir='ltr'>tae</span> <span class='ocrx_word' id='word_1_322' title='bbox 1107 2270 1340 2321; x_wconf 77' lang='lat' dir='ltr'>gesticulatio</span> <span class='ocrx_word' id='word_1_323' title='bbox 1362 2270 1514 2305; x_wconf 72' lang='lat' dir='ltr'>aceedit.</span> <span class='ocrx_word' id='word_1_324' title='bbox 1547 2268 1656 2313; x_wconf 84' lang='lat' dir='ltr'>Toga</span> 
     </span>
     <span class='ocr_line' id='line_1_46' title="bbox 1026 2322 1654 2376; baseline -0.014 -13"><span class='ocrx_word' id='word_1_325' title='bbox 1026 2329 1171 2376; x_wconf 82' lang='lat' dir='ltr'>igitur,</span> <span class='ocrx_word' id='word_1_326' title='bbox 1206 2323 1302 2374; x_wconf 83' lang='lat' dir='ltr'>quae</span> <span class='ocrx_word' id='word_1_327' title='bbox 1328 2325 1494 2364; x_wconf 51' lang='lat' dir='ltr'>[inifism</span> <span class='ocrx_word' id='word_1_328' title='bbox 1525 2322 1654 2357; x_wconf 83' lang='lat' dir='ltr'>minus</span> 
     </span>
     <span class='ocr_line' id='line_1_47' title="bbox 1028 2375 1654 2420; baseline -0.019 -1"><span class='ocrx_word' id='word_1_329' title='bbox 1028 2384 1173 2419; x_wconf 83' lang='lat' dir='ltr'>actuosa</span> <span class='ocrx_word' id='word_1_330' title='bbox 1191 2381 1323 2420; x_wconf 77' lang='lat' dir='ltr'>illa,.et</span> <span class='ocrx_word' id='word_1_331' title='bbox 1339 2380 1524 2418; x_wconf 77' lang='lat' dir='ltr'>vibrante,</span> <span class='ocrx_word' id='word_1_332' title='bbox 1553 2375 1654 2410; x_wconf 81' lang='lat' dir='ltr'>susti·</span> 
     </span>
     <span class='ocr_line' id='line_1_48' title="bbox 1027 2431 1653 2480; baseline -0.018 -7"><span class='ocrx_word' id='word_1_333' title='bbox 1027 2438 1112 2473; x_wconf 81' lang='lat' dir='ltr'>neri</span> <span class='ocrx_word' id='word_1_334' title='bbox 1131 2433 1368 2479; x_wconf 63' lang='lat' dir='ltr'>debebatficf.</span> <span class='ocrx_word' id='word_1_335' title='bbox 1383 2437 1416 2480; x_wconf 82' lang='lat'>§.</span> <span class='ocrx_word' id='word_1_336' title='bbox 1434 2431 1653 2476; x_wconf 72' lang='lat' dir='ltr'>141;),ja1n‚</span> 
     </span>
     <span class='ocr_line' id='line_1_49' title="bbox 1029 2485 1654 2545; baseline -0.016 -17"><span class='ocrx_word' id='word_1_337' title='bbox 1029 2506 1107 2540; x_wconf 91' lang='lat' dir='ltr'>quo</span> <span class='ocrx_word' id='word_1_338' title='bbox 1126 2491 1297 2545; x_wconf 36' lang='lat' dir='ltr'>[liberior</span> <span class='ocrx_word' id='word_1_339' title='bbox 1326 2489 1372 2524; x_wconf 79' lang='lat' dir='ltr'>fit</span> <span class='ocrx_word' id='word_1_340' title='bbox 1401 2499 1533 2522; x_wconf 80' lang='lat' dir='ltr'>manus</span> <span class='ocrx_word' id='word_1_341' title='bbox 1563 2485 1654 2533; x_wconf 77' lang='lat' dir='ltr'>ipsa.</span> 
     </span>
     <span class='ocr_line' id='line_1_50' title="bbox 1027 2542 1654 2582; baseline -0.016 1"><span class='ocrx_word' id='word_1_342' title='bbox 1027 2549 1070 2582; x_wconf 87' lang='lat' dir='ltr'>in</span> <span class='ocrx_word' id='word_1_343' title='bbox 1107 2547 1311 2582; x_wconf 85' lang='lat' dir='ltr'>humerum</span> <span class='ocrx_word' id='word_1_344' title='bbox 1349 2542 1534 2578; x_wconf 76' lang='lat' dir='ltr'>sinistrum</span> <span class='ocrx_word' id='word_1_345' title='bbox 1572 2550 1654 2575; x_wconf 77' lang='lat' dir='ltr'>tota</span> 
     </span>
    </p>
   </div>
   <div class='ocr_carea' id='block_1_7' title="bbox 339 2595 1653 2709">
    <p class='ocr_par' dir='ltr' id='par_1_8' title="bbox 339 2595 1653 2709">
     <span class='ocr_line' id='line_1_51' title="bbox 339 2595 1653 2652; baseline -0.01 -11"><span class='ocrx_word' id='word_1_346' title='bbox 339 2620 419 2644; x_wconf 88' lang='lat' dir='ltr'>non</span> <span class='ocrx_word' id='word_1_347' title='bbox 444 2610 502 2648; x_wconf 75' lang='lat' dir='ltr'>fit,</span> <span class='ocrx_word' id='word_1_348' title='bbox 531 2609 593 2644; x_wconf 83' lang='lat' dir='ltr'>sed</span> <span class='ocrx_word' id='word_1_349' title='bbox 614 2607 748 2643; x_wconf 76' lang='lat' dir='ltr'>levitas</span> <span class='ocrx_word' id='word_1_350' title='bbox 767 2605 834 2640; x_wconf 79' lang='lat' dir='ltr'>illa</span> <span class='ocrx_word' id='word_1_351' title='bbox 856 2616 967 2652; x_wconf 85' lang='lat' dir='ltr'>atque</span> <span class='ocrx_word' id='word_1_352' title='bbox 1022 2603 1196 2648; x_wconf 81' lang='lat' dir='ltr'>rejicitur</span> <span class='ocrx_word' id='word_1_353' title='bbox 1225 2599 1299 2642; x_wconf 85' lang='lat' dir='ltr'>(cf.</span> <span class='ocrx_word' id='word_1_354' title='bbox 1331 2598 1363 2641; x_wconf 56' lang='grc' dir='ltr'>ᾗ.</span> <span class='ocrx_word' id='word_1_355' title='bbox 1392 2599 1528 2643; x_wconf 71' lang='lat'>144),</span> <span class='ocrx_word' id='word_1_356' title='bbox 1558 2595 1653 2630; x_wconf 84' lang='lat' dir='ltr'>dum</span> 
     </span>
     <span class='ocr_line' id='line_1_52' title="bbox 339 2650 1653 2709; baseline -0.008 -15"><span class='ocrx_word' id='word_1_357' title='bbox 339 2662 584 2699; x_wconf 78' lang='lat' dir='ltr'>irreverentia</span> <span class='ocrx_word' id='word_1_358' title='bbox 610 2673 764 2698; x_wconf 80' lang='lat' dir='ltr'>notatur</span> <span class='ocrx_word' id='word_1_359' title='bbox 783 2659 968 2709; x_wconf 79' lang='lat' dir='ltr'>spatiandi</span> <span class='ocrx_word' id='word_1_360' title='bbox 1021 2655 1238 2691; x_wconf 78' lang='lat' dir='ltr'>reducendo</span> <span class='ocrx_word' id='word_1_361' title='bbox 1283 2654 1328 2688; x_wconf 81' lang='lat' dir='ltr'>ad</span> <span class='ocrx_word' id='word_1_362' title='bbox 1374 2652 1528 2687; x_wconf 76' lang='lat' dir='ltr'>lumbos</span> <span class='ocrx_word' id='word_1_363' title='bbox 1568 2650 1653 2685; x_wconf 84' lang='lat' dir='ltr'>finu</span> 
     </span>
    </p>
   </div>
   <div class='ocr_carea' id='block_1_8' title="bbox 337 2716 786 2766">
    <p class='ocr_par' dir='ltr' id='par_1_9' title="bbox 337 2716 786 2766">
     <span class='ocr_line' id='line_1_53' title="bbox 337 2716 786 2766; baseline 0.007 -17"><span class='ocrx_word' id='word_1_364' title='bbox 337 2716 525 2766; x_wconf 79' lang='lat' dir='ltr'>simulque</span> <span class='ocrx_word' id='word_1_365' title='bbox 569 2717 766 2754; x_wconf 74' lang='lat' dir='ltr'>fabulandi</span> <span class='ocrx_word' id='word_1_366' title='bbox 774 2741 786 2757; x_wconf 88' lang='lat'>,</span> 
     </span>
    </p>
   </div>
   <div class='ocr_carea' id='block_1_9' title="bbox 870 2705 1650 2763">
    <p class='ocr_par' dir='ltr' id='par_1_10' title="bbox 870 2705 1650 2763">
     <span class='ocr_line' id='line_1_54' title="bbox 870 2705 1650 2763; baseline -0.014 -13"><span class='ocrx_word' id='word_1_367' title='bbox 870 2726 965 2763; x_wconf 81' lang='lat' dir='ltr'>quae</span> <span class='ocrx_word' id='word_1_368' title='bbox 1022 2711 1152 2747; x_wconf 79' lang='lat' dir='ltr'>dextra</span> <span class='ocrx_word' id='word_1_369' title='bbox 1190 2719 1370 2759; x_wconf 78' lang='lat' dir='ltr'>occupata</span> <span class='ocrx_word' id='word_1_370' title='bbox 1400 2705 1555 2756; x_wconf 79' lang='lat' dir='ltr'>corpori</span> <span class='ocrx_word' id='word_1_371' title='bbox 1586 2716 1650 2752; x_wconf 80' lang='lat' dir='ltr'>ap·</span> 
     </span>
    </p>
   </div>
  </div>
 </body>
</html>
