1676 3028
300 277 393 320 130
593 266 666 311 M.
713 267 845 313 FAB.
893 266 1299 326 QUINTILIANI

224 407 273 434 21
295 389 398 439 Sed
417 405 483 438 ne
505 390 596 437 ille
617 389 830 453 quidem
852 389 1058 446 doctor,
1098 407 1395 455 quanquam
1418 392 1612 450 omnia,

293 482 428 530 quae
453 475 590 513 recta
618 464 755 522 sunt,
794 466 922 513 velit
950 463 1046 512 effe
1069 465 1122 511 in
1154 463 1267 513 suis
1288 466 1614 516 auditoribus

294 557 453 604 quam
483 539 785 605 plenissima‚
823 542 879 587 in
911 557 974 588 eo
1014 549 1211 596 tamen,
1259 543 1340 588 cui
1376 552 1616 590 naturam

297 614 495 665 obstare
528 616 734 671 viderit,
773 616 1039 664 laborabit.
1116 615 1177 662 Id
1203 633 1414 680 quoque
1444 618 1615 664 vitan·-

299 692 445 748 dum,
483 692 541 738 in
565 707 672 754 quo
694 707 876 754 magna
898 707 1013 755 pars
1034 700 1180 746 errat,
1210 707 1276 738 ne
1301 693 1359 739 in
1381 693 1615 740 oratione

297 771 472 831 poetas
499 767 651 815 nobis
683 775 734 812 et
774 764 1072 822 historicos,
1130 767 1188 813 in
1220 767 1325 815 illis
1369 767 1615 831 operibus

299 851 527 890 oratores
551 851 639 889 aut
658 840 1027 890 declamatores
1055 841 1335 891 imitandos
1357 851 1615 906 putemus.

225 930 276 956 22
299 918 401 965 Sua
433 918 624 980 cuique
653 915 913 983 proposita
949 917 1055 974 lex,
1088 915 1212 965 suus
1245 917 1435 980 cuique
1460 916 1616 965 decor

297 991 382 1040 est.
459 993 601 1040 Nam
633 991 903 1040 comoedia
944 1009 1053 1040 non
1090 993 1362 1041 cothurnis
1393 989 1615 1056 assurgit,

295 1084 394 1116 nec
453 1077 632 1116 contra
697 1067 960 1132 tragoedia
1033 1065 1243 1118 soeculo
1305 1058 1614 1132 ingreditur.

382 1242 449 1268 21.
482 1242 613 1274 tamen,
635 1235 701 1269 cui.
733 1233 862 1270 Turio.
887 1232 1018 1268 inserit
1037 1233 1086 1267 hi.
1118 1232 1282 1271 Volebat
1302 1233 1476 1281 profecto
1488 1229 1538 1280 [ἱ.

379 1297 487 1324 errat.
518 1291 648 1337 Camp.
678 1298 757 1324 erat
785 1302 872 1325 cum
894 1289 996 1328 Voff.
1020 1299 1056 1331 3.
1291 1289 1376 1324 illis.
1398 1287 1461 1323 Sic
1481 1287 1613 1324 Turic-

295 1343 399 1379 Flor.
422 1343 547 1380 Guelf.
577 1345 793 1380 cum·Alm.
825 1346 926 1381 Voff.
955 1359 988 1378 1.
1012 1355 1047 1379 2.
1077 1342 1192 1378 Goth.
1225 1353 1263 1379 et
1289 1343 1372 1378 edd.
1403 1343 1484 1390 post
1514 1343 1613 1381 Jent.

296 1410 380 1434 ante
410 1399 556 1448 Gryph.
591 1413 669 1436 exc.
691 1400 782 1435 Bad.
814 1401 942 1448 quiin
963 1393 1134 1447 margine
1160 1398 1341 1434 nostrum.
1371 1399 1457 1433 ullis
1483 1391 1625 1434 Turio..

295 1467 314 1488 a
333 1455 400 1489 sec.
420 1467 547 1495 manu,
580 1466 616 1490 et
643 1455 692 1489 sic
710 1455 820 1492 Bodl.
859 1456 970 1490 nullis
993 1456 1123 1502 Camp.
1147 1453 1303 1501 Reliqui
1333 1454 1491 1494 illorum,
1523 1465 1613 1501 ope·

294 1511 375 1544 rosa
397 1510 558 1557 quadam
579 1508 756 1558 ἀκριβείᾳ,
787 1510 1073 1546 commendante
1093 1508 1225 1544 Badio.
1276 1542 1277 1545 ,

377 1573 441 1599 22.
471 1566 544 1600 Sua
574 1568 697 1613 cuique
722 1565 923 1614 proposita.
952 1565 1081 1600 Turio.
1115 1566 1151 1607 (a
1172 1576 1230 1612 pr.
1251 1566 1322 1609 m.)
1353 1571 1415 1598 tua
1444 1563 1614 1611 cujusque

291 1619 494 1668 proposim.
526 1622 639 1656 Bern.
662 1620 695 1669 s.
720 1635 747 1656 c.
767 1620 971 1669 propositio
993 1633 1078 1654 cum
1099 1619 1203 1656 Voss'.
1225 1629 1261 1662 5.
1285 1619 1355 1667 qui
1373 1629 1410 1653 et
1428 1618 1534 1653 addit
1552 1615 1612 1666 efi-

366 1674 457 1724 suus
475 1679 608 1724 cuique.
640 1677 770 1711 Turio.
793 1675 894 1711 Flor.
921 1679 957 1720 (a
978 1688 1034 1722 pr.
1056 1687 1106 1709 m.
1131 1673 1396 1722 ute1·que)suis
1415 1687 1442 1708 c.
1671 1667 1676 1674 ⁷

375 1731 486 1766 Nam.
528 1731 589 1766 Sic
619 1731 750 1767 Turio.
780 1732 910 1780 Camp.
950 1743 1036 1765 cum
1068 1729 1183 1764 Andr.
1218 1743 1313 1777 quae
1351 1740 1486 1770 tamen,
1509 1728 1615 1764 addit

289 1799 412 1834 neque.
443 1786 600 1834 Reliqui
632 1787 719 1821 Nec.
961 1785 1158 1821 comoedia.
1189 1785 1320 1824 Turic.
1352 1784 1454 1820 Flor.
1484 1787 1522 1830 (a
1551 1797 1611 1832 pr.
1651 1801 1653 1803 r

289 1851 407 1877 manu
431 1843 611 1890 uterque)
639 1842 862 1876 comoediae.
893 1842 997 1888 Quid
1025 1840 1148 1880 lateat,
1177 1852 1256 1875 uon
1285 1850 1440 1887 expum.

375 1910 461 1932 non.
475 1897 562 1931 Hoc
582 1897 757 1932 dedimus
778 1910 796 1932 e
818 1898 1037 1943 conjectura
1056 1907 1128 1943 pro
1149 1894 1340 1931 librorum
1363 1895 1537 1930 omnium
1560 1896 1608 1929 in.

375 1951 569 1987 cothurnis.
599 1952 660 1987 Sic
689 1951 819 1987 Turio.
838 1951 941 1986 Flor.
969 1951 1051 1995 (hic
1073 1964 1093 1984 a
1113 1963 1170 1998 pr.
1190 1950 1262 1995 m.)
1294 1951 1424 1998 Camp.
1451 1949 1611 1998 Reliqui

289 2009 495 2046 cothurnos.
712 2020 786 2041 nec.
806 2007 935 2042 Turic.
959 2009 996 2050 (a
1018 2008 1085 2040 sec.
1109 2006 1179 2047 m.)
1202 2006 1331 2053 Camp:
1355 2005 1549 2040 omittunt.

346 2094 350 2096 o
365 2062 525 2111 soeculo·
573 2062 635 2097 Sic
665 2062 796 2097 Turic.
827 2061 1062 2110 (quanquam
1093 2061 1303 2108 tragoedias
1333 2059 1478 2108 occulo)
1520 2073 1608 2096 cum

289 2117 409 2158 Ob1·.,
465 2131 484 2151 a
512 2118 580 2153 sec.
613 2130 730 2151 manu
755 2116 913 2164 sacculo.
963 2119 1094 2164 Camp.
1133 2115 1254 2164 sacco.
1295 2115 1453 2162 Reliqui
1482 2114 1605 2164 socco-

284 2175 454 2221 Apparet
481 2172 557 2208 hoc
583 2173 749 2207 maxime
780 2172 890 2212 loco,
938 2174 1031 2207 sicut
1063 2182 1098 2206 et
1129 2176 1161 2218 ᾖ.
1185 2182 1247 2207 20.
1269 2181 1306 2206 et
1329 2183 1400 2210 ιο,
1437 2185 1478 2212 1,
1516 2181 1605 2214 107.

287 2239 350 2268 10,
382 2237 418 2271 5,
453 2239 488 2274 9.
518 2229 871 2275 Argentoratensem
895 2227 1084 2263 Obrechti
1103 2227 1275 2262 codicem
1296 2225 1435 2261 habere
1456 2225 1604 2274 aliquid

283 2283 498 2319 Turicenfis
517 2294 555 2319 et
566 2282 809 2318 Florentinae
829 2283 1077 2319 auctoritatis.
1100 2282 1146 2317 cf.
1156 2281 1272 2331 praef.
1284 2281 1397 2317 nostr.
1406 2294 1444 2330 p.
1459 2288 1521 2324 52.
1535 2281 1601 2318 61.

273 2414 381 2451 illam
403 2416 567 2452 tollendi
602 2416 808 2456 audaciam,
839 2415 910 2463 qui
1022 2425 1085 2451 22.
1117 2415 1233 2450 decor.
1280 2413 1328 2450 cf.
1354 2426 1425 2455 ιο,
1461 2426 1501 2454 1,
1532 2423 1597 2456 71.

272 2471 390 2506 verba
419 2470 641 2512 „difficilius
662 2491 717 2499 —-
739 2470 909 2518 fingere“
960 2470 1055 2506 item
1075 2471 1140 2506 hic
1159 2473 1192 2517 ᾖ.
1218 2479 1283 2514 27.

269 2526 540 2572 proscribenda
606 2528 738 2562 censet.
823 2527 907 2562 Nec
1017 2526 1115 2561 Nam
1147 2525 1345 2563 comoedia.
1402 2525 1487 2565 „Ex
1516 2522 1598 2557 Ho-

267 2583 394 2615 t‘amen
424 2593 524 2617 recte
563 2583 777 2629 junguntur
811 2581 906 2616 haec
960 2582 1079 2622 „ratii
1124 2590 1202 2617 arte
1251 2580 1403 2628 poetica
1455 2579 1598 2613 sumtus

261 2636 576 2682 praecedentibus
637 2650 707 2684 per
765 2648 904 2672 vocem
959 2637 1038 2676 „est
1079 2636 1145 2670 hic
1202 2636 1324 2671 sensus
1371 2633 1564 2669 se1ibenti-

263 2690 402 2734 Atque,
451 2702 489 2726 et
513 2691 679 2740 suspicor
714 2705 902 2740 reponen·
958 2694 1015 2735 (v.
1039 2698 1090 2738 39
1106 2689 1253 2737 ——92)
1299 2686 1495 2736 ,‚·Ve1s¹·¹²⁸
1525 2687 1588 2710 0¹·

250 2739 357 2779 dum
375 2747 1079 2794 aequ;„1‚0ni
1101 2744 1251 2793 tragica
1289 2716 1326 2765 :a
1344 2729 1490 2765 comica
1507 2742 1586 2766 non
