1696 3016
27 749 55 774 ἰ
92 739 255 790 ‘ferre
286 741 344 788 in
363 739 528 788 libros
552 736 672 787 suos
699 735 862 803 possit.

362 223 527 270 INST.
573 220 853 268 ORATOR.
890 219 1014 265 Lm.
1058 219 1129 277 x,
1176 231 1220 263 1.
1397 230 1467 283 47·

108 351 272 406 vversu
301 353 598 402 carminum
626 347 823 409 feciffet
859 349 919 398 in
939 349 1204 398 Bucolicis
1241 349 1469 399 mentio·

106 449 253 482 nem.
332 429 515 499 Quid?
551 428 802 478 Horatius
820 425 1012 476 frustra
1049 426 1333 491 Tyrtaeum
1359 430 1469 475 Ho-

108 526 263 558 mero
295 507 606 572 subjungit‘?
645 506 762 553 Nec
791 502 911 552 sane
940 504 1223 569 quisquam
1258 501 1332 552 est
1362 514 1466 551 tam
1493 520 1543 558 57

113 587 307 654 procul
344 603 372 633 a
408 584 712 650 cognitione
735 598 927 631 eorum
965 592 1229 640 remotae,
1269 591 1331 630 ut
1354 597 1469 630 non

115 663 351 713 indicem
398 671 534 717 certe
573 677 636 708 ex
672 658 995 708 bibliotheca
1027 656 1264 707 sumtum
1298 669 1469 707 trans-

935 737 1054 785 Nec
1083 736 1275 801 ignoro
1301 737 1470 802 igitur

119 834 256 884 quos
299 827 534 873 transeo,
597 831 695 863 nec
740 814 931 878 utique
978 812 1203 871 damno,
1266 823 1328 862 ut
1371 813 1470 878 qui

117 893 342 944 dixerim
365 890 462 940 effe
484 893 542 940 in
567 891 818 941 omnibus
837 890 1080 940 utilitatis
1103 889 1336 955 aliquid:
1379 888 1472 939 sed

118 970 186 1020 ad
221 971 344 1019 illos
390 973 494 1031 jam
538 965 783 1035 perfectis
825 965 1230 1031 constitutisque
1261 969 1471 1018 viribus

117 1122 211 1169 (hic
232 1137 251 1158 a
273 1137 330 1172 pr.
354 1123 436 1167 m.)
467 1135 555 1158 cum
574 1121 677 1157 Alm.
699 1121 803 1160 Voss'.
836 1119 988 1170 (quoto
1012 1121 1171 1169 quidem
1192 1133 1273 1157 non
1299 1121 1470 1165 additur,

115 1193 188 1218 nec
211 1181 327 1216 credo
350 1179 495 1216 horum
517 1178 642 1214 ullum
670 1189 798 1214 carete
821 1178 958 1223 hisce).
1023 1179 1123 1213 Mox
1147 1179 1215 1226 qui
1240 1177 1382 1214 habent
1405 1179 1473 1215 ista

114 1236 201 1287 post
224 1236 393 1286 Euphor.
423 1236 595 1271 inserunt
618 1232 760 1284 frustra
787 1234 914 1271 Guelf.
948 1234 1051 1271 Flor.
1077 1237 1211 1284 Camp.
1237 1247 1326 1270 cum
1348 1236 1469 1274 Goth.

117 1303 156 1329 et
178 1294 263 1330 edd.
286 1303 370 1328 ante
391 1292 541 1341 Gryph.

204 1353 242 1386 in
260 1350 455 1386 Bucolicis.
513 1347 640 1386 Guelf.
666 1349 814 1384 omittit
832 1361 920 1385 cum
938 1349 1044 1387 Voff.
1074 1362 1108 1384 1.
1143 1357 1178 1392 3.
1215 1346 1313 1384 Obr.

206 1408 424 1456 Tyrtaeum.
497 1406 601 1442 Flor.
645 1405 894 1452 (oblitterata
933 1407 1060 1455 prima
1100 1409 1245 1448 manu)
1295 1405 1471 1441 dit-ceum.

114 1462 246 1502 Guelf.
270 1465 403 1511 Camp.
431 1462 548 1499 Goth.
573 1462 670 1500 Jeus.
702 1464 797 1507 (tac.
822 1463 964 1507 Gesn.)
997 1462 1230 1511 Dyrcheum,
1258 1461 1472 1504 Dircheum,

115 1519 331 1568 Dircaeum,
363 1531 453 1554 curn
474 1519 577 1558 Voss'.
605 1529 642 1555 2.
666 1518 767 1557 Van.
796 1530 833 1556 et
853 1520 937 1555 edd.
961 1530 1047 1555 ante
1063 1518 1152 1555 Ald.

201 1629 266 1667 57.
306 1621 456 1659 damno.
526 1621 659 1658 Turic.
694 1620 798 1658 Flor.
832 1635 994 1670 magno:
1043 1636 1063 1656 a
1095 1622 1162 1657 sec.
1193 1635 1246 1657 m.
1287 1619 1357 1657 ille
1398 1634 1475 1656 non

115 1681 275 1727 agnovi,
312 1689 350 1714 et
382 1670 477 1715 mox
503 1679 602 1728 quod
630 1692 704 1727 pro
737 1689 778 1714 ut
808 1681 896 1727 qui,·
937 1678 1002 1714 hic
1033 1678 1219 1714 nostrum.
1403 1677 1475 1727 sed

117 1736 168 1772 ad
189 1735 316 1780 illosj.
340 1735 527 1784 perfectis.
589 1737 721 1773 Turic.
746 1736 854 1773 Flor.
883 1734 931 1784 (a
948 1748 1007 1785 pr.
1034 1749 1086 1772 m.
1112 1737 1268 1784 uterq.)
1293 1733 1365 1784 sed
1390 1735 1477 1769 illos

111 1793 144 1838 1⁸.
161 1791 358 1841 perfectos.

822 1929 866 1964 in
893 1926 996 1964 Bibl.
1020 1928 1130 1964 Fabr.
1161 1943 1195 1970 1,
1224 1931 1315 1974 594.
1349 1926 1476 1974 Quan-

824 1996 908 2020 tum
943 1985 1128 2021 Ciceroni
1155 1984 1351 2024 sordebat,
1394 1993 1477 2017 tan-

115 1926 239 1974 magis
254 1926 475 1962 sententiam
487 1925 554 1961 hic
567 1927 764 1976 prodirem

116 1981 390 2031 aQuintiliano
410 1996 525 2031 quam
544 1984 658 2018 suam.
686 1986 764 2021 Ne-

117 2052 193 2088 que
231 2038 336 2074 enim
366 2039 443 2087 ipse
471 2041 659 2088 agnoseit,
689 2043 765 2077 Eu-

115 2094 353 2144 phorionem
396 2097 529 2144 magni
568 2097 710 2134 factum
745 2113 766 2134 a

117 2149 314 2198 Virgilio,
354 2151 415 2185 sed
442 2152 606 2201 Virgilii
636 2165 766 2190 aucto·

118 2208 230 2242 1itate
251 2206 443 2242 obn-usam
461 2208 542 2253 ejus
557 2207 767 2246 lectionem

118 2264 165 2299 ab
194 2263 266 2302 iis,
297 2263 367 2311 qui
394 2264 501 2298 docti
530 2265 658 2300 videri
685 2266 767 2301 vel-

117 2319 211 2355 lent.
270 2321 322 2354 Et
346 2319 429 2354 satis
451 2320 628 2368 profecto
653 2335 767 2370 appa-

116 2387 200 2416 ret,
247 2373 341 2415 hos,
396 2377 465 2424 qui
497 2375 606 2411 velut
638 2378 767 2414 invito

116 2433 344 2480 ingerantur
432 2436 767 2470 commemorandi

114 2489 320 2537 scriptores
387 2490 517 2524 minus
583 2489 765 2538 placuisse

114 2545 266 2581 nostro:
299 2545 351 2580 ait
383 2546 486 2581 enim
519 2560 617 2586 „nec
641 2549 766 2596 utique

114 2602 323 2642 ,‚damno“‘.
395 2603 458 2638 De
482 2602 762 2662 ‘Euphorione

114 2668 241 2694 autem
274 2658 343 2706 qui
377 2659 508 2707 cupiat
546 2670 621 2694 tarn
657 2671 762 2696 vete-

57 2731 63 2737 ·
113 2727 201 2749 rum
215 2728 328 2763 quam
346 2716 605 2751 recentiorum
618 2717 762 2762 judicia

115 2771 364 2819 cognoscere,
409 2772 533 2808 adibit
560 2773 762 2810 Harletem

824 2053 907 2077 tum
939 2042 1100 2077 Tiberio
1143 2040 1383 2090 probabatur
1413 2038 1480 2073 hic

823 2099 1099 2146 grammaticus
1138 2108 1175 2132 et
1207 2107 1323 2146 poeta
1363 2093 1479 2133 Chal-

824 2154 910 2189 cide
943 2155 1155 2195 oriundus,
1194 2153 1377 2189 Euboeae
1409 2164 1479 2200 op·

823 2211 931 2258 pido.
995 2212 1094 2246 Cum
1130 2211 1320 2246 Cicerone
1352 2210 1393 2244 in
1431 2219 1478 2242 eo

822 2266 1032 2312 judicando
1065 2267 1176 2302 sentit
1204 2267 1398 2301 Lucianus
1432 2264 1479 2298 de

825 2320 979 2358 confer.
1009 2323 1104 2358 Hist.
1130 2331 1194 2366 57.

883 2379 1065 2414 Horatius
1079 2399 1128 2407 —
1145 2380 1360 2429 Tyrtaeum.
1400 2382 1474 2431 Ep.

825 2436 872 2470 ad
887 2436 957 2470 Pis.
985 2443 1076 2480 401.

884 2500 950 2535 57.
985 2494 1151 2529 indicem.
1196 2493 1308 2530 Alius
1341 2496 1391 2531 est
1423 2499 1476 2532 1⁶11-

824 2549 928 2588 dex,
993 2550 1122 2598 qualee
1162 2551 1319 2599 singulis
1363 2552 1476 2589 libris

821 2604 1086 2642 inscribuntur
1122 2607 1188 2643 vel
1219 2608 1475 2656 applicantur,

821 2661 918 2698 alius
947 2661 1104 2700 libellus
1134 2665 1331 2700 recensum
1355 2668 1479 2701 conti-

820 2731 914 2754 nens
937 2719 1201 2768 complurium
1230 2722 1478 2769 scriptorum,

819 2774 930 2811 velut
955 2777 1058 2826 apud
1080 2778 1125 2813 L.
1153 2780 1338 2815 Senecam
1356 2779 1474 2829 Epist.
