1676 3028
394 238 559 286 1Nsr.
596 238 876 286 ORATOR.
909 236 1032 288 Lm.
1067 241 1166 297 xl,
1198 252 1243 295 3.

1393 251 1488 303 589

59 346 297 432 sonsquod
325 382 448 416 cum
468 367 560 425 iis,
601 383 732 432 quas
759 375 935 432 agunt,
958 366 1196 432 partibus
1220 379 1486 432 congruat.

107 479 114 488 „
145 441 248 492 Sed
269 442 462 509 inipso
485 444 645 493 vultu.
667 443 964 510 plurimum
985 444 1163 493 valent
1183 444 1352 502 oculi,
1392 461 1487 511 per
1507 454 1561 494 75

97 548 100 558 ι
144 535 280 586 quos
300 520 526 570 maxime
550 521 758 570 animus
779 520 1000 580 eminet,
1039 531 1103 570 ut
1127 521 1254 570 citra
1273 531 1485 571 motum

81 1704 102 1714 a

230 683 296 720 75.
325 679 469 713 animus
487 679 632 714 eminet.
661 676 796 713 Ambr.
813 686 849 713 2.
883 676 1011 714 Guelf.
1032 678 1156 712 anima
1167 674 1341 725 seminat.
1374 678 1480 715 Voss'.

146 744 183 768 ι.
204 740 242 776 3.
272 735 396 769 anima
409 733 593 782 semanat.
623 733 760 770 Floril.
783 736 932 771 Santen.
961 735 1086 771 anima
1103 732 1140 780 se
1161 743 1295 769 movet.
1326 733 1487 783 Reliqui

142 803 177 824 a.
193 798 350 825 emanat.
383 790 568 826 Nostrum
587 805 606 826 e
629 791 847 838 conjectura
864 790 1052 830 dedimus,
1068 801 1112 826 ut
1131 790 1345 838 gnosticum
1359 791 1486 838 Quin-

141 843 282 881 tiliano
322 844 494 883 colorem
525 846 830 895 abstergeremus
863 858 900 883 et
929 845 1186 883 foediffimam
1215 846 1294 882 hoc
1322 847 1485 895 quidem

140 898 232 937 loco
258 901 503 939 iterationem
529 902 782 951 „flam-imae)
811 908 1008 941 manant.“

139 1037 257 1060 cuum
285 1024 465 1062 relictum
498 1036 588 1062 erat.
664 1027 782 1075 Quod

137 1093 242 1116 nuuc
264 1080 406 1134 melius
425 1093 526 1118 certe
539 1083 688 1131 expleri
698 1096 780 1119 non

135 1137 268 1187 potest,
289 1137 363 1174 niti
379 1138 589 1176 inferendis
607 1141 657 1177 iis
675 1139 779 1189 ipfis,

137 1206 235 1242 quae
254 1193 319 1230 vir
337 1194 406 1231 ille
426 1193 567 1230 harum
587 1211 716 1233 rerum
743 1207 780 1232 et

137 1251 265 1287 omnis
314 1251 554 1300 antiquitatis
599 1253 777 1302 peritissi-

135 1317 223 1341 mus
245 1306 324 1342 huc
343 1307 545 1356 spectantia
565 1309 625 1345 ibi
643 1319 778 1359 protu-

134 1359 194 1396 lit.
226 1364 326 1399 Sunt
343 1374 470 1400 autem
491 1363 607 1400 haec:

188 1444 214 1459 „
226 1419 400 1454 Laudare
422 1419 638 1456 debuin‘ent
655 1421 776 1458 inter·

129 1484 283 1523 „pretes
292 1474 422 1511 locum
435 1475 617 1517 Pollucis,
630 1483 669 1523 4,
685 1484 773 1524 144.

126 1529 229 1572 „ubi
261 1529 374 1566 senex
410 1530 588 1578 ἧγεμὼν“
619 1533 688 1575 [h.
722 1547 769 1575 e„

126 1597 310 1622 monente
360 1586 498 1623 eodem
543 1590 768 1638 Boettigero

124 1655 166 1692 Ρ.
187 1642 223 1679 6.
246 1653 329 1681 not.
359 1644 459 1693 „qui
475 1644 621 1694 primas
641 1657 768 1695 partes

126 1700 235 1748 „agit
252 1699 295 1735 in
315 1699 455 1740 fabula,
473 1702 565 1742 five,
582 1713 627 1737 ut
644 1703 767 1750 Quin-

125 1755 313 1795 „tilianus
325 1756 364 1791 h.
382 1756 423 1798 1.,
441 1759 538 1802 cnjus
547 1761 769 1808 praepruae

125 1819 277 1859 „partes
305 1811 447 1860 [μηθ’]

124 1865 365 1908 „alva-rivam&
399 1870 476 1914 (fic
504 1869 713 1919 legendum
746 1884 766 1905 e

123 1924 252 1964 ‚‚Cod.
277 1924 402 1970 Voff.)
417 1931 442 1946 “
473 1926 622 1974 [vulgo
645 1923 767 1962 ἆνατέ·

122 1992 251 2021 ταται,
291 1982 396 2029 quod
449 1996 531 2018 non
570 1983 759 2019 damnem.

121 2035 321 2079 Burrum]
352 2036 438 2083 ,μὴν
465 2035 596 2078 &Stes-2.
654 2040 763 2075 Adde

121 2105 250 2141 „quae
294 2093 340 2128 de
387 2096 637 2143 Lycomedeo
678 2097 763 2132 sene

119 2149 263 2197 „paulo
293 2149 457 2187 inferius
490 2147 626 2205 (145.)
657 2165 762 2188 com-

119 2217 342 2246 ,‚memorat
362 2207 536 2244 Pollux“
565 2210 600 2251 [ὁ
625 2208 660 2244 δὲ
689 2207 763 2243 Λυ-

119 2261 306 2307 κομῆδειος
326 2283 384 2292 --
405 2261 581 2300 α’νατείνει
605 2265 666 2308 τὴν
687 2264 760 2300 ἑτέ-

121 2332 184 2367 ραν
233 2316 368 2368 ὀφρὺν,
410 2319 760 2370 πολυπραγμοσύνην

114 2375 435 2423 ταρενὸεἰκνυται].
465 2379 578 2419 „Huc
591 2378 761 2426 pertinet

115 2432 253 2480 „quod
285 2434 441 2480 persona
479 2434 687 2482 ThamyriS
717 2435 759 2470 in

114 2489 342 2536 „tragoedia
371 2490 577 2539 Sophoclis
607 2489 758 2538 duplici

113 2542 258 2584 „oculo
293 2545 456 2583 formata
500 2548 572 2582 effe
610 2546 756 2583 dicitur

113 2599 188 2640 „ab
229 2601 366 2637 eodem
400 2602 560 2639 Polluce
592 2609 627 2647 4,
661 2609 752 2647 141.

110 2656 248 2702 „quod
294 2659 342 2694 ad
380 2659 600 2701 dimidiatas
640 2659 752 2695 hasce

112 2710 314 2758 „personas
374 2716 619 2752 referendum
680 2717 751 2752 effe

111 2765 301 2815 „pulchre
320 2772 422 2808 vidit
431 2773 647 2822 Leffingius
658 2771 752 2820 (Le-

507 1841 530 1855 22
540 1813 602 1858 Τὴν
652 1814 766 1863 ὀφρὺν
822 1843 847 1858 ‚2

836 1027 934 1069 „ben
946 1028 1009 1062 Hes
1018 1027 1262 1076 Sophoclesp.
1282 1035 1370 1071 105.
1383 1029 1480 1077 sqq.)

835 1083 1022 1132 „vestigia
1053 1084 1201 1118 secutus
1222 1083 1383 1120 Abbatis
1413 1085 1482 1120 Du

835 1141 939 1182 „Bos
966 1138 1220 1184 (Ressexions
1244 1140 1327 1176 crit.
1356 1141 1418 1175 sur
1443 1139 1482 1175 la.

834 1197 992 1238 „Poesie
1011 1206 1049 1232 et
1066 1195 1101 1230 la
1117 1196 1298 1232 Peinture
1319 1196 1389 1231 To.
1402 1198 1477 1233 ΙΙΙ.

834 1266 899 1302 ,‚p.
926 1253 1049 1301 189.).
1083 1252 1208 1299 Atque
1230 1252 1324 1288 hinc
1349 1251 1481 1288 lucem

834 1310 1004 1358 „accipit
1047 1308 1355 1344 obscuriffimum
1398 1309 1480 1358 epi-

832 1378 1031 1414 „gramma
1045 1364 1277 1401 Callimachi
1287 1366 1370 1409 (53.
1383 1367 1478 1402 Em.

832 1429 927 1466 „23.
947 1419 1149 1468 Brunclz.)
1177 1420 1248 1455 ubi
1270 1422 1388 1457 verba
1409 1421 1478 1456 illa

831 1473 968 1523 »ἥμισυ
998 1475 1029 1511 δ’
1062 1471 1177 1510 ὦπται
1216 1476 1323 1512 haud
1356 1477 1476 1513 dubie

823 1533 1053 1578 „referenda
1078 1533 1165 1568 sunt
1198 1533 1245 1567 ad
1274 1534 1476 1581 personam

824 1590 1050 1638 „ejusmodi
1072 1588 1330 1630 dimidiatam,
1360 1590 1473 1636 cujus

822 1646 970 1691 „altera
986 1659 1075 1696 pars
1106 1646 1149 1681 in
1175 1645 1331 1681 fornace
1354 1645 1472 1694 figuli

822 1705 968 1746 „nimis
998 1713 1177 1751 percocta
1217 1713 1255 1738 et
1289 1703 1381 1751 igne
1409 1702 1470 1738 in-

822 1760 987 1802 „fuscata
1016 1759 1116 1797 effet.
1136 1778 1192 1786 --
1227 1759 1313 1794 Nec
1335 1759 1472 1794 desunt

851 1816 893 1851 in
918 1815 1067 1867 ectyPis
1090 1827 1343 1863 gemmarum,
1374 1827 1468 1863 quas

821 1873 878 1913 „F
878 1870 1081 1908 icoronius
1094 1869 1326 1919 publicavit,
1340 1883 1468 1905 exem-

822 1927 912 1977 „pla
945 1941 1041 1977 quae
1080 1926 1255 1976 apprime
1294 1926 1372 1962 huc
1411 1926 1466 1961 fa-

819 1985 969 2026 ,‚ciunt.
1043 1986 1134 2019 Huc
1164 1982 1266 2018 enirn
1295 1983 1465 2018 referen-

820 2041 944 2082 „dum
965 2041 1036 2077 elI'e
1059 2051 1192 2088 putem
1215 2038 1362 2086 figuras
1386 2038 1464 2075 tab.

818 2099 986 2138 „XLVL
1011 2097 1079 2133 ubi
1106 2109 1202 2146 qnae
1228 2095 1402 2130 dissectae
1426 2104 1466 2130 et

818 2155 954 2202 „quali
1019 2153 1209 2190 bifrontes
1278 2161 1463 2201 apparent

818 2209 997 2252 „larvae,
1057 2211 1101 2245 in
1140 2221 1262 2250 unum
1303 2207 1463 2243 vultum

817 2266 1024 2307 „coaluisse
1053 2265 1245 2316 putandae
1275 2266 1381 2304 sunt,
1422 2274 1461 2299 et

815 2323 1014 2364 „tab.LX.
1039 2333 1206 2370 ectypon
1226 2335 1246 2357 e
1266 2319 1458 2369 plasmate,

814 2380 951 2428 „quod
980 2378 1192 2429 appellant,
1221 2376 1459 2425 smaragdi.“

872 2444 938 2479 75.
971 2438 1114 2472 animus
1150 2436 1295 2469 eminet.
1328 2433 1375 2469 cf.
1417 2444 1455 2480 9,

815 2501 852 2530 2,
879 2502 942 2536 40.
975 2492 1107 2528 locum
1142 2489 1458 2526 ciceronianum.

812 2549 909 2583 Item
941 2549 1022 2585 Cic.
1048 2548 1157 2584 Tusc.
1181 2546 1393 2594 Disputatt.
1414 2553 1454 2584 2,

814 2604 878 2640 26.
901 2605 1118 2651 „(animus)
1129 2602 1297 2638 maxime
1316 2602 1453 2636 eminet,-

810 2661 1130 2700 „contemnendis
1166 2670 1204 2695 et
1241 2657 1451 2707 despicien-

810 2718 898 2758 „dis
919 2715 1168 2754 doloribus.“
1196 2714 1304 2750 Idem
1317 2716 1451 2750 Somn-

810 2774 910 2824 Seip.
926 2788 973 2811 ex
979 2785 1023 2811 tr.
1035 2774 1213 2816 „animus
1222 2791 1268 2800 -
1279 2769 1454 2808 eminebit:

1081 903 1228 938 Eadem
1261 903 1484 953 corruptela
1543 952 1545 955 ι
