1676 3028
314 194 481 247 INST.
511 193 796 244 ORATOR.
828 192 950 240 Lm.
968 194 1083 251 XII,
1094 207 1115 239 ι
1130 208 1176 240 o.
1314 194 1375 239 61
1386 206 1408 238 1

76 319 219 387 ¹:linis
247 322 522 372 amantior.
597 322 660 372 In
691 320 929 371 oratione
965 335 1096 369 vero
1138 315 1182 366 fi
1215 315 1411 384 species
1442 341 1487 364 ιο

72 388 276 458 intueri
314 396 478 457 veliS,
538 397 762 457 totidem
793 412 959 463 paene
997 396 1228 463 reperias
1263 397 1412 461 inge-

74 475 294 528 niorum
339 486 475 542 quot
508 490 795 540 corporum
828 471 1039 528 formas,
1118 470 1222 522 Sed
1258 470 1412 523 fuere

74 550 337 620 ,quaedam
379 569 570 617 genera
609 550 824 600 dicendi
860 543 1169 603 conditione
1205 558 1411 616 tempo·-

0 645 203 688 1oaarum
234 628 565 689 horridiora,
621 627 825 694 alioqui
862 644 1104 695 magnam
1134 630 1236 686 iam
1263 628 1412 693 inge·-

74 706 158 757 nii
194 707 309 755 vim
344 722 469 772 prae
501 704 552 754 se
581 703 817 755 ferentia.
894 706 1033 755 Hinc
1071 703 1175 754 sint
1211 704 1411 764 Laelii,

11 791 13 795 ’
72 778 356 852 Africani,
409 783 631 833 Catones
666 783 824 831 etiam
871 781 1215 848 Gracchique,
1274 798 1411 848 quos

75 869 139 910 tu
167 859 292 908 licet
300 859 627 930 Polygnotos
646 860 737 910 vel
750 859 995 910 Callonas
1017 859 1265 927 appelles.
1291 860 1412 910 Me·

191 1070 253 1096 ιο.
283 1073 403 1108 penae
432 1057 554 1105 (Ποῖ.
585 1059 751 1108 poenae)
781 1052 835 1094 οἳ.
865 1059 1023 1104 recipias
1044 1058 1121 1106 ing.
1148 1057 1282 1096 Turio.
1303 1058 1408 1097 Ποῖ.

68 1129 110 1166 p,
142 1117 299 1164 recipias
327 1119 352 1151 i.
386 1115 488 1152 Alm.
545 1129 584 1165 p.
614 1115 771 1162 reperies
801 1116 824 1150 ι’.
847 1115 948 1153 Jens.
980 1115 1069 1159 (tac.
1090 1115 1219 1158 Gesn.)
1246 1127 1279 1150 c.
1301 1117 1405 1152 Voss'.

71 1181 112 1217 5.
227 1173 327 1221 quod
366 1186 522 1221 corpora
552 1170 587 1219 f.
635 1169 739 1206 Flor.
800 1169 956 1218 fuerunt
995 1169 1126 1219 Camp.
1168 1171 1267 1210 Jens.
1309 1170 1407 1221 (tac.

72 1226 207 1277 Geso.)
237 1238 276 1264 et
305 1229 392 1266 edd.
422 1239 509 1264 ante
540 1226 689 1277 Gryph.
780 1225 995 1262 conditione
1020 1221 1060 1260 ai
1092 1240 1284 1273 corporum
1314 1228 1409 1264 horr.

72 1282 204 1320 Tmic.
233 1283 341 1321 Flor.
399 1298 428 1320 e.
461 1297 650 1332 corporum
679 1282 713 1318 h.
744 1282 849 1318 Alm.
906 1281 1093 1318 horridior
1120 1282 1250 1318 Tui-ic.
1313 1284 1409 1320 alio·

74 1341 164 1389 quin
188 1340 286 1378 Jens.
317 1342 407 1386 (tac.
439 1340 567 1384 Gelu.)
598 1349 637 1374 et
663 1337 750 1374 edd.
781 1337 933 1385 aliquot
961 1337 1056 1384 post.
1177 1352 1313 1387 magna
1332 1340 1409 1376 alia

73 1397 216 1444 ingenii
252 1410 344 1445 prae
381 1396 516 1432 Turio.
557 1394 661 1431 Flor.
702 1407 734 1431 ο.
766 1393 870 1430 Alm.
913 1392 1049 1429 omiffa
1085 1406 1182 1429 voce
1209 1398 1310 1436 vim‚-
1366 1407 1412 1433 ut

71 1464 194 1502 paene
230 1452 414 1501 suspicere
454 1452 648 1499 magnalia
688 1449 923 1486 Tertulliani
949 1450 1027 1496 jam
1058 1450 1187 1486 nostro
1221 1453 1417 1502 usurpata„

71 1509 149 1543 vim
190 1508 331 1556 ingenii
369 1509 502 1556 Camp.
541 1506 659 1542 Goth.
699 1507 798 1545 Jens.
833 1509 934 1551 (tac.
964 1506 1104 1548 Gesn.)
1159 1508 1410 1556 praeferentia

70 1563 177 1602 Vols.
212 1578 247 1599 ι.
279 1572 319 1608 3.
546 1564 642 1597 Hinc
662 1561 755 1610 sint.
784 1562 848 1597 Sic
880 1561 1014 1597 Turic.
1044 1561 1149 1598 Flor.
1180 1576 1280 1611 quos
1313 1566 1410 1601 dere·

70 1634 158 1661 rere
185 1632 266 1657 nou
295 1630 483 1669 poteram,
515 1630 603 1653 cum
631 1617 750 1665 hujus
780 1617 1027 1663 conjunctivi
1057 1616 1187 1653 eadem
1222 1620 1269 1656 fit
1295 1622 1420 1662 ratio„

71 1689 170 1727 quae
201 1676 440 1725 sequentium
471 1683 630 1715 teneant,
661 1671 880 1722 efflorescat.
940 1672 1100 1723 Reliqui
1139 1673 1241 1718 fune,
1291 1677 1410 1726 liqui-

74 1733 163 1771 dem
193 1732 403 1781 diligenter
434 1743 568 1767 omnes
600 1731 687 1766 sunt
716 1728 861 1766 conati.
1080 1730 1183 1765 laedi
1218 1733 1349 1769 Turio.

297 1789 455 1824 Catones
496 1787 618 1821 etiam.
678 1787 742 1821 Sic
780 1783 914 1821 Turio.
953 1784 1058 1821 Flor.
1098 1790 1115 1830 (
1129 1786 1201 1822 nisi
1229 1790 1337 1835 quod
1365 1790 1410 1826 hi

75 1847 244 1889 canores)
275 1841 403 1881 Guelf.
434 1841 554 1878 Goth.
586 1843 672 1886 (tac.
704 1841 833 1884 Gesn.)
874 1841 1008 1890 Camp.
1038 1853 1070 1877 c.
1102 1841 1204 1879 Alm.
1237 1845 1341 1882 Voff.
1377 1859 1408 1883 ι.

76 1911 116 1938 2.
144 1900 233 1939 ΑΜ.
277 1897 438 1947 Reliqui
466 1900 578 1933 etiam
608 1897 817 1937 omittunt;
858 1909 957 1944 quos
989 1910 1059 1932 cur
1088 1908 1222 1934 contra
1250 1901 1409 1951 scriptos

74 1967 227 1995 tantum
253 1969 335 1992 non
366 1966 500 1991 omnes
530 1954 707 2002 sequerer
734 1966 815 1990 non
846 1963 936 1989 erat.
978 1954 1119 2003 Neque
1148 1955 1226 1992 fine
1253 1956 1326 1993 illo
1358 1968 1410 1993 et-

76 2015 152 2050 iam
179 2013 222 2048 iu
253 2013 333 2048 fine
361 2010 554 2058 longioris
583 2010 695 2046 seriei
721 2010 865 2046 servari
892 2019 1047 2058 poterat
1073 2024 1165 2061 que,·
1203 2013 1310 2061 quod
1343 2016 1409 2051 Ga-

77 2079 184 2107 tones
212 2079 362 2105 tantum
399 2060 654 2114 Gracchosq'ue
683 2079 787 2103 nunc
815 2065 984 2115 copulat.
1220 2070 1408 2106 Callonas.

75 2118 140 2163 sic
167 2125 270 2162 Hor.
302 2125 434 2171 Camp.
497 2123 670 2158 Callones
708 2125 824 2159 Tarv.
883 2122 1029 2158 calones
1073 2124 1193 2161 Goth.
1235 2126 1335 2164 Jens.
1378 2139 1414 2164 et

11 2194 20 2203 ¹
77 2181 164 2220 odd.
201 2181 298 2232 post.
337 2190 423 2216 ante
459 2179 552 2215 Bad.
583 2191 658 2217 acc.
688 2178 799 2216 Basil.
831 2179 935 2216 Gibs.
965 2179 1064 2218 Obr.
1125 2181 1287 2218 Calones
1324 2183 1414 2221 reli-

139 2349 200 2374 ιο.
238 2335 392 2387 species.
462 2337 545 2373 Hae
573 2339 718 2386 generi·
772 2347 907 2375 rantur
927 2349 1052 2375 autem
1074 2340 1116 2375 in
1138 2339 1179 2375 C.
1202 2341 1332 2376 Laelii
1350 2343 1414 2378 Sa·

78 2393 145 2429 bus
190 2393 255 2429 hic
295 2394 410 2429 etiam
450 2405 716 2444 opponuntur.
772 2394 918 2444 pientis
955 2405 993 2431 et
1021 2396 1213 2444 Scipionis
1243 2395 1415 2445 Africani

79 2449 139 2486 Cf.
163 2453 197 2498 §.
229 2465 262 2487 ι.
287 2459 325 2485 2.
775 2451 942 2488 minoris
962 2451 1180 2501 eloquentia
1200 2454 1291 2490 infr.
1304 2453 1335 2498 ὖ.
1348 2463 1412 2503 59.

135 2519 313 2554 magnam
321 2508 561 2552 jam—vim.
576 2506 718 2543 cf.not.
775 2506 820 2543 it.
848 2520 882 2547 ι,
906 2521 939 2548 ι,
962 2507 998 2544 6.
1011 2509 1092 2545 Cic.
1114 2509 1222 2545 Brut.
1243 2515 1310 2554 82.
1344 2512 1414 2547 Ca·

81 2562 167 2598 orit.
778 2571 900 2598 tonem
920 2564 1143 2600 Censorium
1173 2576 1210 2601 et
1233 2566 1417 2602 Gracchos

106 2619 233 2668 ⁸Hinc.-
245 2617 326 2668 sint
354 2619 494 2655 Laelii.
525 2619 553 2655 i.
578 2631 626 2654 ex
644 2617 722 2655 hoe
778 2619 1007 2665 conjunctos
1025 2618 1140 2658 habes
1162 2621 1277 2658 etiam
1310 2633 1346 2664 2,
1378 2630 1414 2665 5.

81 2686 244 2712 numero
265 2676 322 2722 (v.
344 2675 392 2711 ad
410 2685 447 2719 5,
469 2675 504 2716 6,
527 2677 615 2720 37.)
649 2674 721 2710 effe
779 2684 846 2712 21.

85 2728 254 2768 dicamus
283 2730 450 2768 Laelios.
487 2750 543 2760 --
583 2730 724 2768 Confe-

906 2811 1018 2860 qu
