1676 3028
298 183 471 249 X1NST.
507 181 788 230 ORATOR.
819 178 942 227 LIB.
978 179 1076 236 XI,
1126 191 1169 225 1.
1310 188 1408 235 277

51 299 158 363 'dut
182 309 405 361 defuisse
428 309 605 370 testeS‚
646 305 744 358 aut*
766 304 941 373 (quod
964 302 1314 362 timidisfime‚
1352 313 1406 354 et

62 388 107 439 fi
126 389 267 438 nihil
293 388 440 439 aliud.
463 389 620 455 plane
640 385 828 443 fuerit,
865 381 1154 432 dicendum
1182 380 1283 448 est)
1311 398 1403 447 pa-

15 476 252 524 rytronos
286 483 400 516 non
438 462 713 522 suffecisse,
765 460 1048 512 succurret.
1150 460 1323 509 Etiam
1357 456 1400 507 si
1425 467 1477 507 78

65 542 209 610 apud.
229 543 362 594 alios
387 542 590 606 judices
614 551 808 608 agetur,
845 539 983 588 utin
1003 534 1232 586 secunda
1252 533 1401 585 affer-

63 621 228 679 tione,
263 631 355 670 aut
384 621 443 669 in
475 617 947 669 centumviralibus
973 614 1188 679 judiciis
1220 613 1402 680 dupli-

65 697 232 756 cibus,
258 707 404 763 parte
433 699 583 756 victa,
606 695 878 746 decentius
901 694 1016 751 erit,
1040 692 1248 759 quoties
1274 707 1403 740 con-

62 776 242 840 tigerit
274 772 481 825 servare
514 774 759 837 judicum
792 770 1084 839 pudorem:
1122 769 1190 818 de
1219 785 1325 834 qua
1344 783 1404 817 re

63 852 219 903 latius
250 852 630 919 probationum
658 852 780 900 loco
818 849 1024 898 dictum
1057 857 1150 896 est.
1230 842 1404 896 Potest

63 928 307 987 evenire,
339 938 401 978 ut
433 929 492 977 in
526 924 1101 992 aliis'reprehendenda
1120 922 1239 982 fint,
1270 938 1404 989 quae

60 1002 163 1070 ipsi
208 1002 521 1055 feceriffius:
594 1015 656 1054 ut
696 1004 878 1066 objicit
922 1003 1136 1051 Tubero
1172 1002 1403 1066 Ligario,

59 1082 203 1146 'quod
232 1084 283 1130 in
308 1077 512 1152 Africa
529 1077 726 1151 fuerit.
822 1084 888 1130 Et
921 1079 1150 1139 ambitus
1181 1077 1400 1143 quidam
1423 1093 1475 1131 79

64 1159 310 1217 damnati,
351 1158 743 1225 recuperandae
774 1157 1045 1223 dignitatis
1079 1157 1244 1222 gratia
1283 1170 1401 1203 reos

63 1234 302 1297 ejusdem
344 1236 581 1285 criminis
617 1236 951 1292 detulerunt,
1018 1244 1080 1283 ut
1119 1234 1178 1281 in
1209 1231 1403 1281 scholis

61 1312 422 1361 luxuriantem
462 1322 666 1380 patrem
698 1310 1003 1362 luxuriosus
1035 1308 1145 1379 ipse
1192 1309 1403 1371 juvenis

64 1490 214 1524 Santen.
228 1498 294 1524 aut
312 1502 348 1539 q.
550 1487 786 1540 tinziclfflme.
802 1489 934 1525 Turio.
949 1488 1052 1524 Flor.
1066 1487 1195 1524 Guelf.
1212 1484 1406 1536 tumiclff-

62 1558 137 1584 me,
188 1545 352 1581 viciffim
382 1547 547 1582 timidius
578 1551 611 1594 §.
633 1553 699 1592 28.
729 1546 853 1582 iidem
885 1546 964 1581 duo
998 1546 1163 1595 priores,
1211 1543 1404 1592 adjunctis

30 1601 193 1646 *campa
223 1612 262 1638 et
289 1602 375 1639 edd.
399 1613 484 1639 ante
511 1602 598 1640 Ald.
824 1600 1021 1652 suffeciffe.
1055 1602 1117 1637 Sic
1140 1601 1274 1637 Turic.
1303 1599 1405 1645 (niti

61 1657 247 1706 quodsi)
268 1658 373 1695 Flor.
396 1659 521 1696 Guelf.
546 1661 639 1697 Exc.
660 1662 812 1696 samen.
833 1660 964 1708 Camp.
988 1672 1075 1694 cum
1098 1657 1218 1695 Goth.
1236 1657 1341 1694 Voff.
1364 1667 1402 1693 2.

59 1713 160 1752 Vall.
181 1714 285 1752 Alm.
307 1716 426 1752 Andr.
455 1729 575 1765 marg.
592 1717 685 1753 Bad.
706 1717 857 1755 Vascos.
875 1714 1160 1765 stephanique,
1192 1713 1288 1751 Obr.
1313 1726 1403 1763 pro·

59 1770 174 1807 hante
196 1767 307 1809 Geta.
335 1771 500 1821 Reliqui
511 1772 747 1823 satisfac-iffa.

103 1886 105 1889 -
147 1868 212 1906 78.
243 1862 382 1905 iudices
402 1872 542 1910 agetur.
572 1862 675 1900 Alm.
702 1863 819 1908 J'uclex
847 1872 1024 1911 augetur,
1057 1862 1161 1897 nihil
1181 1861 1256 1898 tale
1279 1861 1404 1897 danti-

61 1917 134 1958 bus
154 1918 288 1955 Turio.
307 1929 344 1954 et
363 1918 467 1955 Flor.
486 1918 555 1964 (cf.
567 1921 667 1967 74).
900 1920 1011 1954 latius
1033 1919 1323 1966 probationum*
1340 1918 1405 1953 Sic

61 1974 194 2010 Turio.
227 1973 332 2010 Flor.
363 1974 491 2012 Guelf.
525 1977 658 2024 Camp.
685 1990 772 2013 cum
804 1975 923 2013 Goth.
944 1976 1048 2011 Voff.
1074 1986 1109 2011 2.
1132 1974 1234 2011 Alm.
1258 1986 1295 2011 et
1316 1974 1402 2010 edd.

62 2040 148 2067 ante
166 2031 256 2067 Bad.
287 2031 446 2081 Reliqui
466 2032 639 2067 inserunt
658 2035 707 2070 in.
738 2034 863 2069 Modo
877 2032 1011 2069 Turic.
1032 2031 1149 2069 Goth.
1171 2032 1260 2078 (tac.
1274 2031 1402 2075 Gefn.)

62 2088 298 2135 contingerit,
323 2089 446 2137 Kapp.
473 2091 670 2136 contingit.

151 2186 215 2224 79.
247 2177 398 2226 quidam
426 2177 606 2227 damnati.
635 2168 813 2215 Alferum
845 2179 933 2214 dam
957 2179 1169 2215 desiderant
1188 2179 1255 2216 hic
1276 2177 1403 2216 codd.

65 2243 103 2269 et
129 2232 286 2282 quidem
308 2235 440 2270 Turic.
470 2233 574 2270 Flor.
592 2235 803 2283 posterius,
826 2235 1094 2272 Got11.‘Guelf.
1116 2236 1222 2273 Voss'.
1247 2247 1282 2272 2.
1306 2236 1404 2271 Exc.

63 2291 216 2326 Samen.
241 2292 349 2338 prius
372 2303 463 2326 cum
484 2292 507 2329 J
510 2292 582 2327 ens.
603 2292 716 2326 Tarv.
967 2292 1173 2340 dignitatis.
1206 2292 1326 2328 Goth.
1357 2291 1403 2326 li-

47 2345 215 2401 ‚bematis
234 2359 323 2383 cum
347 2347 449 2387 Voll'.
475 2357 513 2382 2.
547 2348 690 2384 erroris
720 2347 815 2390 folo,
842 2359 888 2384 ut
905 2349 1077 2389 videtur,
1109 2349 1226 2385 socio.
1263 2348 1312 2384 cf.
1341 2361 1404 2388 ιο,

119 2499 183 2539 78.
224 2494 489 2543 proban'onum
531 2496 626 2532 loco.
664 2502 701 2541 5,
759 2497 866 2541 itus)
905 2496 1168 2538 ‚,damnatus,
1223 2498 1250 2531 fi
1281 2495 1403 2532 alium

65 2558 101 2590 2·
130 2563 163 2586 ι.
757 2554 1027 2595 „convicerit‚
1059 2554 1100 2589 in
1128 2554 1324 2602 integrum
1343 2566 1403 2588 re-

122 2618 188 2655 7'9·
216 2610 486 2658 recuperandae
509 2610 704 2658 dignitatis
758 2611 999 2650 ,‚stituitur.“
1038 2611 1118 2646 Ubi
1139 2621 1242 2646 recte
1274 2609 1405 2646 confe-

54 2665 200 2711 >gumfa.
237 2666 337 2702 Vide
365 2667 510 2714 Digest.
543 2672 607 2710 48,
640 2672 703 2712 14,
759 2678 853 2702 runt
862 2668 945 2704 VV.
958 2669 1050 2703 DD.
1070 2668 1148 2704 Cic.
1163 2679 1238 2716 pro
1251 2666 1406 2703 Cluent.

72 2731 107 2758 1,
121 2729 157 2754 2.
185 2722 300 2770 „Qua
317 2721 431 2770 lege“
453 2721 574 2766 (Julia
597 2723 704 2759 amb·
761 2737 792 2759 e.
807 2724 873 2767 56.
892 2724 979 2760 init.
993 2724 1084 2760 vide
1094 2724 1153 2761 ibi
1167 2724 1403 2759 Manutium.
