1676 3028
199 384 247 422 5¹

198 907 251 942 32

276 254 368 299 213
586 241 660 310 Μ,
691 220 826 300 ium.
860 243 1271 304 QUINTILIANI

274 367 392 421 tatis
419 366 696 416 videantur
729 363 824 414 effe
859 364 1143 431 compositi.
1218 369 1356 417 'Nam
1382 371 1589 422 Cicero-

273 443 445 506 nisad
464 441 699 508 praesens
728 440 889 490 modo
912 451 1118 506 tempus
1148 454 1341 508 aptatos
1372 445 1588 506 libertus

273 520 404 568 Tiro
439 517 720 566 contraxit:
762 532 895 579 quos
921 533 1031 564 non
1071 516 1192 566 ideo
1223 519 1425 578 excuso,
1463 523 1588 584 quia

274 611 388 644 non
417 593 660 657 probem,
707 589 795 638 sed
829 600 888 639 ut
919 589 1020 639 sint
1053 592 1215 656 magis
1249 594 1585 644 admirabiles.

272 671 334 718 In
367 669 469 716 hoc
501 682 688 732 genere
718 663 927 731 prorsus
959 667 1155 731 recipio
1203 667 1335 716 hanc
1374 670 1590 719 brevem

274 743 691 798 annotationem,
766 741 1103 805 libellosque,
1185 744 1279 805 qui
1308 744 1393 792 vel
1429 760 1590 793 manu

274 826 574 877 teneantur,
645 827 698 864 et
756 816 822 864 ad
879 834 1012 880 quos
1041 809 1277 866 ⁸interim
1341 817 1590 883 respicere

272 892 348 942 fas
412 891 488 941 sit.
601 891 768 948 Illud,
807 890 818 894 ”
846 891 990 956 quod
1051 894 1245 941 Laenas
1323 895 1592 959 praecipit,

273 968 514 1033 displicet
551 968 713 1024 mihi,
765 983 897 1033 quae
935 965 1312 1031 scripserimus,
1359 969 1416 1016 in
1455 967 1594 1018 sum-

271 1061 407 1102 mas,
452 1041 562 1091 sive
593 1043 990 1092 commentarios
1025 1052 1075 1089 et
1103 1043 1291 1107 capita,
1341 1042 1590 1093 conferre.

271 1186 361 1221 locis
396 1195 483 1220 cnm
508 1182 604 1219 Alm.
635 1185 778 1221 Vocem
802 1182 950 1218 omittit
974 1182 1076 1219 Voss'.
1099 1191 1136 1226 5.
1304 1183 1496 1219 videantur
1512 1182 1591 1234 effe.
1617 1211 1621 1215 .

272 1241 336 1276 Sic
355 1241 487 1276 Turio.
519 1239 620 1275 Flor.
649 1238 775 1274 Guelf.
804 1239 934 1285 Camp.
966 1237 1083 1273 Goth.
1110 1238 1207 1275 Jens.
1236 1235 1324 1284 (tae.
1347 1239 1474 1285 Gesn.)
1504 1251 1593 1274 cum

272 1295 358 1331 edd.
383 1307 468 1332 ante
491 1297 612 1330 Stoer.
643 1306 723 1330 exc.
742 1292 833 1328 Bad.
865 1292 934 1340 qui
953 1293 1101 1328 omittit
1129 1290 1207 1340 effe.
1238 1292 1396 1339 Reliqui
1425 1307 1455 1329 e.
1472 1307 1506 1329 v.

357 1359 422 1394 31.
454 1351 564 1386 Nam.
593 1347 718 1385 Guelf.
750 1349 836 1383 Jam
865 1360 952 1382 cum
973 1347 1075 1383 Voss'.
1100 1356 1140 1390 5.
1335 1349 1428 1385 ideo.
1459 1350 1590 1385 Turio.

272 1405 375 1441 I'lor.
408 1405 491 1449 (hic
511 1419 530 1439 a
549 1402 763 1453 p1.m.1')1n
795 1416 836 1437 eo
862 1416 948 1437 cum
969 1401 1070 1437 Alm.
1089 1403 1174 1438 Ald.
1315 1403 1593 1452 libellosque-—

270 1471 471 1497 teneantur.
502 1460 632 1495 Tulic.
661 1458 898 1506 libellusque
893 1477 948 1485 --
970 1466 1142 1497 teneatur
1389 1460 1458 1495 vel.
1488 1458 1591 1494 Flor.

270 1516 419 1551 omittit
445 1528 533 1550 cum
559 1513 646 1550 Ald.
923 1511 990 1560 fas
1010 1511 1076 1559 sic
1102 1512 1204 1548 Flor.
1236 1516 1276 1559 (a
1302 1526 1361 1562 pr,
1383 1515 1454 1558 m.)
1475 1512 1591 1560 faxit.

268 1570 379 1614 (vide
401 1581 438 1611 2,
469 1579 534 1610 20,
566 1570 621 1615 9.)
653 1565 777 1604 Guelf.
809 1567 904 1601 (ιἸπείε
933 1579 1018 1601 cum
1039 1567 1142 1602 Vols.
1167 1576 1204 1611 3.

351 1635 415 1669 52.
445 1626 604 1660 Laenas.
636 1621 761 1658 Guelf.
787 1623 917 1657 laudas
955 1634 1043 1656 cum
1059 1624 1171 1658 Bern.
1398 1623 1592 1670 praecipit.

269 1680 400 1717 Turic.
430 1681 634 1728 praecepit,
666 1678 727 1712 sed
757 1687 794 1712 et
821 1690 914 1713 mox
946 1677 1118 1723 displicit.
1359 1678 1459 1718 mihi,
1489 1690 1592 1725 quae.

271 1736 404 1773 Turio.
442 1734 546 1769 Flor.
583 1732 708 1768 Guelf.
757 1731 886 1780 Camp.
926 1732 1097 1767 inserunt
1138 1745 1183 1766 ne
1212 1734 1249 1767 ἰη
1277 1733 1331 1768 his
1359 1745 1447 1769 cum
1476 1731 1591 1772 Bodl.

269 1790 372 1827 Alm.
402 1789 517 1826 Goth.
556 1788 659 1827 Voff.
683 1798 719 1823 2.
762 1787 923 1834 (horum
955 1797 1116 1833 uterque
1156 1791 1236 1830 nec)
1271 1800 1302 1823 1.
1336 1788 1420 1832 (hic
1453 1787 1519 1822 hoc
1547 1801 1592 1823 ηε

272 1848 311 1881 in
331 1846 404 1892 his)
432 1854 470 1889 5.
499 1845 611 1880 Bern.
639 1853 676 1878 et
698 1843 784 1878 edd.
814 1853 898 1878 ante
918 1841 1010 1878 Bad.
1040 1841 1140 1889 (post
1162 1843 1292 1891 Camp.
1333 1843 1487 1892 quidem
1515 1845 1590 1887 iis).

270 1915 314 1936 ea
340 1900 462 1936 solum
492 1899 624 1934 inserit
643 1897 739 1933 Obr.
946 1895 1205 1944 scripserimus,
1226 1900 1274 1932 in.
1305 1898 1435 1934 Turio.
1465 1897 1591 1935 Guelf.

270 1955 389 1992 Goth.
421 1958 509 2000 (tae.
534 1954 662 1996 Gesn.)
694 1954 826 2001 Camp.
850 1951 1019 1987 inserunt
1045 1952 1103 1986 vel
1132 1965 1219 1988 cum
1246 1954 1349 1991 Voss'.
1371 1964 1407 1988 2.
1439 1963 1477 1989 et
1507 1953 1596 1989 edd.

270 2021 355 2046 ante
378 2011 471 2047 Bad.
506 2009 578 2046 Sed
592 2008 695 2044 Flor.
727 2007 823 2043 Obr.
853 2007 962 2042 velut.
1207 2006 1384 2055 summas,
1395 2006 1477 2056 sive
1496 2022 1590 2044 com-

269 2067 477 2102 mentarios.
518 2064 650 2100 Turio.
686 2061 846 2111 summas
881 2064 1189 2096 commentarium.
1222 2062 1324 2098 flor.
1373 2064 1411 2107 (a
1438 2077 1495 2111 pr.
1519 2065 1589 2108 m.)

260 2120 294 2170 J.
319 2120 405 2169 sine
432 2135 460 2156 c.
491 2119 617 2156 Guelf.
641 2117 674 2167 s.
706 2120 743 2152 in
772 2118 1066 2152 commentarium
1095 2129 1182 2152 cum
1203 2117 1304 2157 Voff.
1328 2130 1360 2152 ι.
1385 2126 1422 2162 3.
1450 2119 1592 2154 Badius

268 2177 437 2212 multum
466 2175 539 2211 sibi
565 2174 682 2209 licere
718 2183 822 2207 ratus
850 2185 955 2213 eam.
986 2186 1080 2220 quae
1103 2171 1220 2208 hodie
1253 2173 1413 2214 obtinet,
1440 2174 1592 2209 invexit

267 2232 502 2280 scripturam.
559 2229 690 2265 Nimis
718 2227 856 2262 leviter
873 2226 954 2268 ille,
985 2239 1070 2262 cum
1094 2227 1139 2262 de
1164 2227 1252 2262 loco
1285 2227 1502 2275 desperasset
1518 2230 1590 2263 Re-

270 2287 370 2335 gius.
428 2285 619 2334 Equidem
642 2284 693 2319 fic
715 2295 803 2318 eum
823 2281 970 2318 restitui
996 2282 1100 2330 posse
1125 2282 1310 2318 arbitror:
1345 2284 1450 2323 mihi,
1477 2284 1536 2319 vel
1554 2285 1593 2318 in

270 2344 314 2377 iis
335 2355 427 2389 quae
440 2339 689 2390 scripserimus
708 2338 808 2374 velut
831 2339 868 2372 in
889 2335 1054 2385 summas
1083 2339 1376 2372 commentarium
1403 2347 1439 2374 et
1469 2340 1593 2386 capita

269 2397 446 2446 conferre.
502 2394 759 2445 Hyperbaton
783 2392 888 2441 quod
906 2393 956 2428 est
984 2393 1027 2428 in
1057 2393 1265 2432 accusativo
1298 2394 1593 2429 commentarium

325 2518 392 2553 δι.
413 2509 475 2557 qui
491 2507 551 2543 vel
571 2519 681 2542 manu
700 2512 899 2541 teneantur.
955 2502 1158 2551 displicere
1187 2500 1288 2539 mihi
1316 2502 1375 2538 vel
1404 2501 1515 2539 illud.
1543 2502 1593 2538 cf.

266 2566 341 2606 „Id
389 2575 545 2612 quoque
583 2562 826 2610 permittam,
856 2569 901 2594 ut
955 2568 1036 2593 not.
1068 2558 1151 2594 crit.

264 2621 371 2669 „ipsa
430 2631 546 2654 manu
602 2626 727 2652 teneat
771 2624 901 2650 orator
1014 2622 1079 2656 32.
1109 2613 1270 2648 Laenas.
1299 2613 1344 2648 cf.
1365 2621 1402 2657 3,
1438 2625 1473 2653 1,
1508 2622 1575 2648 21.

264 2675 483 2722 „ejusmodi
511 2671 666 2710 libellos
686 2681 724 2707 et
742 2669 901 2705 subinde
1014 2681 1106 2716 quae
1149 2666 1397 2716 scripserimus
1422 2687 1477 2697 —-
1507 2675 1590 2703 con'-

265 2730 506 2782 ‚,inspiciat.“
581 2730 716 2764 Fateor
776 2734 902 2762 tamen
951 2723 1064 2772 ferre.
1094 2722 1140 2759 cf.
1160 2733 1242 2760 not.
1260 2723 1344 2760 crit.
