1676 3028
236 312 241 319 .
262 282 361 333 404
574 272 647 318 Μ.
685 273 818 332 ΕΑΒ.
856 271 1259 332 QUINTILIANI

266 414 373 464 quo
393 394 545 447 usum
567 395 762 459 optime
785 392 1011 444 Craffum
1031 396 1213 458 Cicero
1235 395 1383 455 dicit,
1407 398 1569 464 expli-

268 475 371 522 cari
404 471 542 520 solet.
614 473 662 518 Is
698 470 756 518 in
794 470 1156 535 exprobrando
1192 481 1244 519 et
1273 472 1570 530 indicando,

266 547 410 598 unde
435 556 486 593 et
521 546 571 592 ei
605 561 799 594 nomen
834 544 931 603 est,
975 546 1140 594 valet:
1192 556 1244 594 et
1275 547 1486 598 allevata
1514 564 1569 594 ac

265 622 521 688 spectante
552 620 836 669 humerum
869 638 1030 670 manu
1055 621 1273 686 paulum
1295 622 1572 671 inclinatus

268 696 503 746 affirmat:
543 694 720 744 versus
740 697 1006 744 interram
1026 707 1076 744 et
1097 694 1239 760 quasi
1254 708 1464 763 ‘pronus
1486 713 1574 746 ur-

195 790 247 832 95
268 783 376 839 get:
416 771 695 836 aliquando
717 787 814 838 pro
839 788 1060 823 numero
1084 771 1166 820 est.
1208 771 1352 822 Idem
1370 770 1573 820 summo

260 934 408 986 ⁴opeime
425 936 526 972 Flor.
546 938 582 970 in
611 938 641 971 is
661 938 697 970 1'n
719 948 799 984 exp.
821 939 879 982 (et
897 936 1024 973 Turio.
1048 937 1202 985 quidem
1222 949 1291 986 per
1308 934 1580 984 compendium

268 990 466 1040 exprobra]
499 991 629 1027 Turic.
650 992 752 1029 Flor.
1008 994 1101 1027 uncle
1128 1002 1164 1028 et
1193 995 1236 1029 ei.
1275 992 1338 1028 sic
1359 991 1460 1026 Flor.
1490 1002 1580 1024 cum

267 1047 369 1083 Alm.
396 1060 474 1082 non
497 1047 628 1082 Turic.
663 1047 725 1091 (ef.
751 1049 834 1095 90.)
870 1047 1027 1096 Reliqui
1056 1049 1239 1084 omittunt
1260 1055 1306 1083 et.
1337 1045 1451 1083 Goth.
1474 1058 1582 1080 manu

266 1115 410 1151 parum.
450 1102 533 1137 Post
554 1102 744 1138 inclinatus
763 1104 891 1139 Turio.
914 1103 1014 1139 Flor.
1039 1104 1208 1140 inserunt
1228 1106 1256 1138 is
1275 1115 1362 1137 cum
1384 1100 1484 1136 Alm.

435 1166 560 1205 urget.-
598 1158 808 1206 aliquando.
839 1158 941 1194 Flor.
972 1159 1104 1195 Ambr.
1125 1169 1159 1194 2.
1193 1157 1318 1195 Guelf.
1346 1157 1516 1192 inserunt
1546 1162 1581 1189 et

269 1226 357 1248 cum
379 1212 475 1248 Alm.
498 1212 601 1250 Vols.
624 1221 684 1255 5.;
716 1214 846 1250 Turio.
877 1224 928 1249 ut.
963 1215 1060 1250 Mox
1081 1227 1148 1263 pro
1173 1215 1315 1250 humero
1337 1213 1466 1261 Camp.
1493 1222 1583 1246 cum

268 1268 416 1316 Gryph.
446 1270 486 1311 (1
495 1275 544 1311 53
552 1267 619 1312 6.).

356 1351 419 1392 95.
451 1344 562 1381 Idem.
594 1343 717 1380 Guelf.
741 1346 784 1380 Id
803 1343 861 1393 eft.
885 1347 1005 1382 Stoer.
1033 1346 1195 1382 chouet.
1219 1343 1328 1381 Leid.
1353 1344 1456 1379 Item.
1487 1342 1583 1376 Mox

270 1400 368 1439 Jens.
390 1401 518 1434 leniter
546 1413 633 1434 cum
653 1399 752 1435 Alm.
780 1403 850 1445 (ut
870 1402 944 1436 fert
961 1400 1122 1448 Burm.)
1160 1411 1196 1436 et
1215 1401 1298 1435 edd.
1319 1399 1475 1448 posterr.
1499 1405 1584 1430 ante

273 1457 395 1490 Stoer.
426 1466 505 1490 exc.
532 1453 619 1489 Ald.
648 1467 722 1490 acc.
754 1456 852 1491 Gibs.
878 1456 972 1491 Obr.
1000 1457 1045 1490 cf.
1067 1456 1098 1498 ὃ.
1125 1465 1210 1498 103.
1233 1456 1326 1490 item
1346 1451 1513 1489 Walker.
1537 1449 1585 1485 ad

273 1510 353 1546 Cic.
377 1510 422 1546 de
445 1510 497 1546 N.
517 1510 568 1544 D.
590 1522 630 1558 Ρ.
649 1509 800 1546 Davisii
821 1516 912 1558 244.
943 1513 1087 1549 Vocem
1109 1510 1256 1545 omittit
1276 1508 1402 1545 Guelf-

269 1650 408 1703 „gestu,
430 1653 553 1702 digito
574 1653 727 1702 denique
744 1653 811 1688 isso
830 1665 898 1689 tuo

268 1708 502 1757 „fignificat-i
529 1707 631 1757 solet
663 1715 761 1744 etc.“
809 1709 900 1744 Ges-

268 1777 396 1800 uerus.
563 1797 567 1800 .

326 1819 422 1854 unde
447 1828 483 1854 et
509 1821 555 1854 ei.
593 1818 758 1858 Videtur
784 1829 902 1857 traus-

268 1874 491 1923 ponendum
513 1882 560 1908 et.

330 1926 809 1977 allevata——affirn1at.
841 1933 905 1967 In-

272 1985 375 2021 dicat
433 1983 707 2020 Almelovenus
764 1992 904 2023 munos

271 2039 459 2088 quosdam
497 2038 651 2074 Claudii
680 2040 779 2087 apud
816 2041 903 2078 Alb.

269 2093 493 2131 Rubenium
506 2093 549 2128 in
559 2094 749 2131 Numism.
779 2097 904 2132 Ducis

272 2149 454 2197 Croyjaci
481 2149 554 2186 tab.
580 2160 641 2196 19.
664 2163 704 2184 n.
716 2156 753 2194 8.
778 2162 814 2186 et
839 2161 902 2186 12.

272 2205 343 2253 qui
371 2205 535 2252 figuram
558 2204 741 2240 exhibent
761 2205 829 2241 alii
844 2208 905 2253 J'u-

271 2260 403 2300 venis,
449 2259 517 2294 alii
545 2259 708 2296 feminae
734 2261 905 2297 indicem

271 2314 495 2355 attollentis,
515 2327 632 2350 manu
648 2315 807 2363 paulum
819 2329 905 2352 ver-

272 2371 332 2405 sus
355 2382 396 2405 os
416 2369 620 2409 inclinata,
651 2383 737 2405 cum
762 2372 907 2419 epigra-

273 2422 370 2470 phe:
396 2424 609 2460 Constantia
628 2426 800 2472 Augusti.
829 2427 906 2461 Ad-

275 2477 404 2513 movit
435 2486 560 2510 autem
596 2477 675 2510 illis
707 2480 906 2513 Rubenius

275 2544 432 2580 quoque
467 2531 637 2566 nostrum
674 2531 907 2578 Quintiliani

202 2633 204 2635 K
275 2584 427 2621 locum:
468 2598 581 2634 quam
601 2597 720 2626 recte,
751 2599 831 2622 non
850 2587 905 2622 di-

272 2642 409 2676 xerim.
479 2641 553 2681 Sed
601 2642 726 2676 multo
777 2643 906 2678 minus

271 2695 460 2731 Eckhelio
477 2696 813 2744 affentil'iposs'um,
836 2698 906 2745 qui

272 2750 315 2786 in
339 2751 398 2798 D„
416 2751 468 2787 N.
500 2759 553 2788 to·
574 2751 640 2790 V1.
671 2763 709 2800 p.
728 2752 825 2796 αδδ.
857 2752 906 2788 ad

954 1653 1147 1690 silentium
1176 1654 1255 1690 viri
1279 1651 1477 1690 constantis
1497 1661 1583 1686 eum

955 1710 1098 1757 gestum
1119 1710 1254 1749 refert,
1284 1722 1368 1744 eum
1392 1719 1526 1746 tamen,
1557 1706 1586 1740 [i

954 1764 1052 1799 fides
1071 1765 1226 1811 quidem
1253 1763 1498 1812 imaginibus,
1528 1761 1587 1795 ni-

955 1820 1031 1855 mis
1053 1820 1097 1854 ab
1122 1832 1186 1854 ore
1207 1826 1355 1854 remota
1375 1819 1421 1853 [it
1439 1826 1586 1853 manua»

955 1875 1008 1910 ita
1037 1885 1080 1910 ut
1107 1887 1224 1922 aeque
1253 1872 1363 1910 facile
1382 1873 1587 1907 humerum

961 1931 1123 1978 spectare
1142 1928 1318 1965 dixeris?
1335 1930 1504 1964 Βυττκ.
1573 1939 1576 1945 ·

1018 1985 1217 2033 aliquando
1252 1997 1320 2031 pro
1351 1994 1498 2018 numero
1528 1977 1589 2029 efi-

960 2041 1063 2075 Haec
1103 2038 1219 2075 verba
1259 2039 1421 2075 minima
1462 2036 1594 2072 distin-

962 2096 1089 2130 ctione
1131 2094 1446 2144 praecedentibus
1486 2101 1590 2130 antea

958 2151 1233 2197 jungebantur:
1266 2151 1308 2186 in
1329 2163 1402 2198 qua
1422 2147 1591 2184 sensuum

963 2204 1248 2242 continuatione
1306 2215 1408 2242 recto
1457 2202 1591 2250 utique

963 2259 1208 2309 Spaldingius
1231 2260 1409 2310 copulam
1430 2267 1467 2294 et
1478 2259 1506 2292 ὀ
1524 2270 1595 2293 ve-

963 2315 1067 2352 tustis
1092 2317 1202 2352 codd.
1228 2317 1405 2352 insertam
1426 2311 1590 2350 volebat.

964 2371 1010 2407 de
1039 2372 1154 2419 Regii
1183 2382 1220 2406 et
1237 2362 1591 2406 Pseudo-Tul·¹1ebi

962 2426 1165 2467 sententia,
1206 2427 1362 2469 trigmta
1386 2430 1590 2454 numerum

964 2491 1009 2513 oo
1047 2477 1150 2524 gestu
1190 2474 1418 2525 significari,
1467 2475 1589 2514 verbo

964 2543 1111 2568 tantum
1154 2532 1195 2567 in
1235 2529 1377 2566 schedis
1416 2541 1588 2568 monens,

961 2587 1121 2622 minime
1151 2585 1326 2622 credulus
1353 2584 1443 2620 illis.
1513 2583 1592 2631 Qui

960 2641 1132 2678 secundis
1179 2641 1279 2676 curis
1324 2641 1498 2688 profecto
1546 2639 1591 2674 in

960 2709 1083 2732 meam
1119 2696 1338 2731 sententiam
1373 2684 1588 2730 devoniffet.

959 2752 1114 2803 >Quippe
1128 2764 1250 2802 neque
1270 2750 1333 2787 hic
1342 2763 1467 2799 neque
1479 2753 1510 2798 §.
1523 2747 1588 2793 86.
