1676 3028
370 199 535 245 INST.
566 195 850 244 ORATOR.
872 195 1007 264 im.
1038 193 1134 251 x1,
1174 205 1218 248 3.
1369 190 1465 252 349

125 336 188 378 ut
218 342 334 375 aera
365 326 592 383 tinnitu,
631 319 1005 389 dignoscimus.
1094 322 1171 368 Ita
1194 317 1289 367 fiet
1310 319 1468 378 illud,

48 458 51 463 Δ
126 403 276 468 quod
303 404 510 452 Ennius
537 402 754 469 probat,
794 415 915 448 cum
937 398 1065 446 dicit
1072 392 1470 468 suaviloquenti

35 490 215 542 notiore
246 479 531 549 Cethegum
550 474 749 552 susse-⁶
788 493 900 525 non
923 473 1072 541 quod
1095 475 1281 525 Cicero
1301 475 1361 522 in
1382 475 1469 523 his
1510 478 1516 483 ’

124 557 485 622 reprehendit,
507 573 642 621 quos
659 558 729 603 ait
752 554 964 611 latrare,
992 570 1090 602 non
1111 569 1289 621 agere.
1332 553 1469 601 Sunt
1502 603 1505 606 ,

126 635 271 683 enim
291 635 461 683 multa
483 635 626 690 vitia,
654 632 719 681 de
740 631 937 697 quibus
959 629 1086 688 dixi,
1108 647 1232 679 cum
1254 629 1313 678 in
1338 645 1468 694 qua-

126 709 248 761 dam
293 712 456 777 primi
490 711 616 759 libri
649 719 795 776 parte
821 724 1118 775 puerorum
1150 723 1241 759 ora
1270 704 1469 756 forma-

124 803 263 846 rem,
313 788 674 852 opportunius
706 796 874 844 ratus,
920 786 980 833 in
1011 800 1070 832 ea
1100 793 1263 832 aetate
1296 781 1470 831 facere

121 864 343 914 illorum
366 865 711 921 mentionem,
736 864 794 911 in
819 879 924 927 qua
943 860 1215 910 emendari
1241 857 1468 926 possunt.

121 944 360 1005 Itemque
384 939 427 988 si
451 938 562 1006 ipsa
588 958 697 990 vox
714 941 955 1007 primum
979 937 1172 997 fuerit,
1210 948 1272 987 ut
1296 936 1368 986 fic
1388 936 1470 986 di·
1491 955 1545 992 32

208 1093 275 1128 5¹-
307 1084 373 1119 his.
409 1085 471 1120 Sic
490 1083 622 1119 Turio.
645 1082 749 1119 Flor.
769 1082 903 1120 Ambr.
919 1093 957 1119 2.
983 1081 1111 1119 Guelf.
1142 1083 1174 1117 is
1195 1082 1329 1130 Camp.
1364 1080 1470 1117 Reli-

125 1141 196 1190 'qui
218 1141 272 1176 iis.
292 1142 400 1190 Jens.
435 1143 550 1177 Tarv.
574 1143 656 1188 agit
679 1153 751 1189 pro
775 1142 849 1180 ait,
879 1152 959 1176 non
979 1140 1112 1187 Camp.
1156 1140 1257 1175 Mox
1276 1139 1374 1174 dixit
1390 1139 1472 1174 Tu-

123 1197 195 1234 ric.
218 1193 355 1250 (9129,
380 1207 428 1242 5,
454 1209 518 1245 97.
560 1198 688 1233 Etiam
716 1197 753 1238 6,
780 1206 827 1240 5,
852 1207 916 1242 47.
951 1195 1087 1232 Ambr.
1122 1209 1154 1231 1.
1189 1196 1298 1239 dixit,
1320 1195 1382 1230 sed
1400 1207 1472 1244 per

68 1285 77 1305 Ἴ)
127 1253 405 1302 compendium
436 1252 542 1299 dii.)
564 1255 661 1289 item
681 1262 771 1291 arte.
825 1254 928 1289 Mox
945 1252 1050 1289 Flor.
1074 1251 1123 1301 (a
1144 1253 1211 1288 sec.
1235 1253 1319 1301 m.)
1340 1250 1469 1288 Guelf-

129 1310 426 1352 emendationem
446 1323 519 1359 pro
541 1313 775 1346 mentionem.

214 1385 281 1421 32.
315 1378 488 1426 Itemque.
516 1377 580 1412 Sic
601 1377 734 1413 Turic.
756 1375 860 1412 Flor.
881 1377 1016 1413 Ambr.
1038 1387 1076 1413 2.
1098 1376 1225 1413 Guelf.
1249 1372 1337 1413 cum
1350 1375 1472 1413 Goth.

127 1435 243 1470 Bern.
275 1433 438 1482 Reliqui
458 1435 600 1483 ltaque.
789 1432 829 1483 fi
839 1433 1031 1481 -fuerit‚
1054 1442 1106 1470 ut.
1138 1433 1202 1469 Sic
1215 1433 1349 1469 Turic.
1365 1432 1472 1469 Flor.

127 1554 222 1593 tinis
243 1555 382 1605 agitur.
411 1556 528 1593 Poffit
545 1567 672 1594 tamen
690 1570 770 1594 non
827 1555 886 1592 mi
916 1555 1080 1598 soleant,
1117 1557 1249 1605 potuit
1279 1567 1408 1594 tamen
1439 1567 1479 1595 et

128 1611 176 1648 de
210 1611 329 1649 latina
371 1614 491 1659 modo
535 1615 770 1663 pronuncia·
828 1613 907 1654 hoc
937 1613 1152 1649 accusativo
1181 1614 1392 1651 masculino
1423 1613 1477 1651 ef·

128 1669 236 1705 tione
264 1669 484 1719 usurpatum
518 1672 612 1714 effe,
657 1669 717 1708 se'd
752 1686 771 1707 a
829 1670 943 1710 ferri,
979 1670 1100 1706 modo
1135 1682 1238 1707 recte
1272 1671 1477 1721 expleatur

126 1726 286 1762 Graecis
323 1728 416 1776 ipsis
465 1729 690 1778 repetitum,
729 1740 774 1764 ut
831 1727 1024 1767 sententia,
1057 1729 1164 1776 quod
1182 1729 1234 1764 iis
1258 1727 1383 1771 facile,
1407 1728 1478 1778 qui

131 1782 308 1817 barbarus
336 1794 374 1819 et
406 1785 567 1820 Graecus
592 1785 659 1820 hic
684 1786 774 1820 effet
829 1782 1073 1819 locutionem
1120 1795 1278 1821 norunt.
1331 1785 1391 1822 Cf.
1430 1784 1479 1820 ad

129 1850 204 1887 pro
221 1840 355 1888 vitioso
377 1851 415 1875 et
434 1842 631 1876 emendato
650 1843 690 1876 in
709 1854 774 1888 ge·
831 1839 1056 1874 sententiam
1079 1841 1295 1875 universam
1322 1848 1359 1885 8,
1379 1855 1413 1883 1,
1438 1850 1480 1885 3.

130 1907 244 1935 nerc3
289 1895 334 1931 in
371 1909 446 1944 qua
478 1897 628 1933 ratione
662 1909 775 1945 :repo-
834 1905 871 1930 et
921 1896 966 1930 de
1010 1895 1234 1944 praestantia
1282 1899 1480 1934 Romanae

129 1951 301 1986 nendum
316 1952 543 1988 Graecumue
556 1952 624 1998 (cf.
638 1957 671 2001 §.
682 1967 694 1987 ι
706 1954 774 1997 6.).
832 1952 1185 1999 pronunciationis,
1205 1953 1315 1999 cujus
1340 1953 1481 1990 memi-

130 2007 195 2042 Sic
223 2020 402 2057 apparet,
462 2009 567 2045 nihil
599 2010 775 2045 medium
835 2008 896 2042 nit
907 2008 1107 2050 Gesnerus,
1123 2010 1202 2045 Cic.
1216 2009 1341 2046 deor.
1357 2019 1395 2054 3,
1415 2023 1479 2046 ιι.

132 2063 228 2104 effe,
259 2063 320 2099 sed
341 2077 407 2101 aut
427 2066 624 2102 eruditum
647 2077 714 2102 aut
731 2065 779 2100 il·
892 2064 1039 2100 Ennius
1055 2085 1111 2093 —
1130 2067 1286 2102 latrare.
1325 2091 1350 2107 ‚,
1364 2066 1482 2115 Apud.

131 2118 334 2156 liberalem
352 2135 674 2172 unumquemque
688 2135 779 2170 pro-
837 2121 949 2163 „Cim
973 2123 1097 2157 Bruto
1122 2128 1184 2166 15.
1208 2122 1279 2158 ubi
1299 2134 1336 2158 et
1356 2122 1482 2164 illud.

130 2175 188 2218 di,
213 2186 257 2212 ut
274 2179 448 2226 primum
469 2179 624 2215 locutus
646 2179 778 2214 fuerit.
835 2178 1028 2217 „Latrunt
1043 2180 1125 2224 jam
1145 2179 1294 2227 quidam
1306 2189 1484 2220 oratores,
1501 2203 1505 2206 -

133 2232 224 2268 Nifi
257 2233 371 2276 forte,
407 2235 485 2271 hoc
514 2236 543 2270 fi
575 2234 779 2276 voluisset,
836 2224 940 2274 „no'n
966 2234 1180 2284 loquuntur.
1218 2235 1281 2270 Sic
1303 2236 1350 2272 de
1373 2235 1486 2272 Orat.

137 2290 439 2338 transpofiturus
480 2302 559 2328 erat
600 2291 782 2327 Graecum
838 2298 906 2333 ‚‚3‚
921 2295 985 2334 34.
1009 2291 1055 2327 de
1066 2291 1225 2331 Pericle,
1241 2292 1294 2326 At
1306 2293 1399 2327 hunc
1409 2305 1486 2328 non

136 2343 392 2382 barbarumne.
460 2349 613 2383 Haereo
654 2358 782 2383 autem
838 2346 1049 2386 „clamator
1088 2349 1226 2398 aliquis
1263 2349 1314 2383 ad
1342 2346 1485 2398 clepsy-

136 2401 180 2436 in
198 2414 247 2458 ,⁸⁰
271 2407 442 2452 quoq'uc,
472 2405 578 2454 quod
600 2414 783 2439 neutrum
840 2402 977 2443 „dmm
998 2403 1135 2440 latrare
1150 2405 1365 2440 docuerac.“
1395 2404 1485 2441 Ges-

135 2459 320 2507 ponitur,
377 2473 459 2496 non
505 2459 783 2501 masculinum3
841 2471 970 2495 nerus.
995 2460 1042 2494 cf.
1065 2471 1103 2496 et
1122 2461 1239 2499 nostr.
1264 2470 1302 2502 2,
1331 2468 1392 2505 15,
1414 2466 1456 2508 4.

130 2525 263 2563 neque
283 2515 386 2550 enim
407 2517 664 2554 accusativum
686 2529 783 2565 quo·
899 2516 937 2550 in
958 2518 1117 2564 quadam
1136 2518 1249 2567 primi
1266 2515 1354 2553 libri
1361 2525 1487 2567 parte.

135 2571 258 2608 modo
277 2571 370 2607 hinc
390 2586 522 2608 eruam
545 2574 724 2622 reperim
749 2584 786 2609 et
839 2585 906 2615 ,,ι.
935 2587 970 2612 1,
996 2582 1062 2617 37.
1111 2587 1145 2616 ι,
1179 2581 1216 2618 5,
1247 2583 1311 2618 52.
1345 2583 1410 2619 53.
1448 2589 1487 2616 ι.

137 2636 266 2663 tamen
318 2628 363 2663 in
413 2630 608 2677 proximis
660 2630 783 2666 homo
839 2636 908 2674 ‚,8‚
927 2642 962 2665 ι.
989 2630 1172 2679 inprimis
1191 2642 1287 2666 vero
1304 2645 1340 2672 1,
1358 2643 1374 2665 1
1387 2645 1404 2667 1
1425 2631 1487 2668 in-

140 2682 390 2730 dignoscitus,
411 2699 492 2721 non
514 2700 587 2724 res.
647 2686 721 2722 Sed
741 2686 787 2723 in.
839 2697 993 2735 „tegro-
1007 2691 1031 2706 ‘⁶
1056 2689 1256 2724 Gesnerus.
1412 2724 1416 2730 .

137 2740 363 2787 innova-biit
384 2755 472 2778 cum
494 2743 616 2779 multa
634 2743 784 2794 suppri-
897 2752 963 2788 32.
994 2744 1156 2797 Itemque
1167 2745 1206 2796 si
1226 2762 1285 2774 —-
1304 2746 1484 2796 patietur.
