1676 3028
275 271 367 318 192
587 259 661 305 M.
698 260 830 305 ΕΑΒ.
868 259 1277 319 QUINTILIANI

272 394 333 433 ut
364 399 460 434 nos
491 382 704 433 fortuna
731 382 969 450 decipere
993 398 1102 430 non
1134 382 1292 446 poffit,
1339 381 1581 442 adiuvare
1595 396 1674 440 949

263 458 428 524 *poffin
498 458 566 506 1d
599 468 772 505 autem
798 456 893 504 fiet
907 453 1200 505 -mem‘oriae
1239 459 1467 515 viribus,
1525 469 1585 507 ut

271 535 377 591 illa,
393 551 526 597 quae
547 533 803 596 complexi
823 530 997 580 {mimo
1015 530 1378 588 sumus,fluant
1394 532 1585 590 secura,

271 625 382 657 non
424 608 671 657 sollicitos
725 616 776 653 et
824 606 1182 671 respicientes,
1254 618 1306 655 et
1350 624 1454 656 una
1498 606 1584 672 spe

272 682 539 747 suspensos
586 681 992 738 recordationis,
1050 697 1160 729 non
1204 679 1371 729 smant
1407 684 1588 745 provi-

274 757 425 805 dere:
468 758 669 820 alioqui
699 757 785 806 vel
816 757 1216 820 extemporalem
1250 757 1588 806 temeritatem

271 833 427 889 malo,
466 849 623 896 quam
651 832 783 879 male
818 824 1176 880 cohaerentem
1208 832 1588 895 cogitationem.

225 923 250 959 ⁴7
272 910 422 967 Pejus
457 909 600 956 enim
634 908 903 970 quaeritur
949 905 1223 962 retrorsus,
1304 906 1427 970 quia
1459 905 1590 954 dum

269 983 360 1030 illa
388 981 760 1039 desideramus,
813 983 874 1030 ab
917 983 1030 1029 aliis
1069 982 1383 1029 avertimur:
1429 976 1491 1029 'et
1528 997 1591 1028 ex

269 1059 521 1106 memoria
547 1059 725 1122 potius
752 1058 1052 1123 repetimus,
1091 1073 1245 1119 quam
1274 1073 1336 1103 ex
1359 1057 1586 1104 materia.

270 1133 425 1181 Plura
456 1131 576 1181 funt
607 1143 796 1190 autem,
834 1131 877 1180 si
910 1143 1192 1196 utrumque
1228 1130 1588 1197 quaerendum

353 1318 530 1364 adjuvare
546 1317 665 1368 poffit.
697 1317 822 1356 Guelf.
856 1318 1026 1358 omittit,
1058 1317 1168 1354 solito
1191 1329 1333 1354 errore.

353 1383 393 1408 ut
415 1373 493 1408 illa.
525 1376 654 1424 Camp.
687 1390 721 1412 u.
743 1383 793 1410 aa*
829 1387 915 1409 cum
946 1374 1061 1409 Goth.
1099 1384 1136 1408 et
1166 1373 1249 1409 edd.
1278 1369 1479 1407 ante>Ald.
1510 1381 1584 1406 acc.

268 1429 359 1465 Bad.
391 1429 539 1477 Gryph.
769 1431 958 1476 complexi.
990 1429 1119 1464 Turio.
1151 1428 1332 1474 compleri.

349 1482 485 1531 sumus.
522 1486 651 1520 Tua-ic.
689 1484 728 1529 (a
744 1486 902 1528 sec.m.)
946 1483 1129 1532 sumimus.
1173 1485 1305 1530 Camp.
1334 1481 1450 1531 simus
1497 1493 1586 1516 cum

267 1539 385 1574 Goth.
419 1549 456 1573 et
478 1540 563 1574 edd.
594 1550 678 1574 ante
699 1539 808 1574 Basil.
1018 1537 1158 1585 secura.
1199 1537 1314 1572 Goth.
1347 1537 1503 1572 omittit.

353 1606 426 1628 non
438 1593 559 1641 sollio.
589 1595 718 1630 Turio.
752 1596 789 1638 (a
811 1594 966 1636 seam.)
991 1592 1099 1639 necs.
1128 1592 1224 1630 Jens.
1255 1589 1346 1639 nes.
1387 1603 1476 1626 cum
1502 1590 1588 1628 edd.

265 1649 422 1700 posterr-
441 1659 524 1683 ante
545 1649 653 1684 Leid.
677 1663 755 1685 exc.
777 1648 884 1684 Baffl.
908 1662 980 1683 acc.
1004 1647 1105 1681 Roll.
1128 1648 1286 1694 Capper.

345 1704 524 1752 sollicitos
556 1713 602 1738 et.
633 1705 761 1740 Turic.
791 1703 893 1739 flor.
914 1702 1077 1752 sollicito
1102 1701 1168 1751 sic.
1207 1701 1278 1736 Ine
1304 1714 1324 1735 a
1343 1702 1411 1738 sec.
1433 1715 1485 1736 m.
1507 1699 1588 1749 sol-

264 1757 469 1806 licitos-sic,
499 1758 564 1794 hic
588 1760 769 1795 nostrum.

351 1855 390 1890 7.
421 1847 506 1882 dum
525 1848 602 1882 illa.
633 1847 695 1882 Sic
728 1848 857 1884 Tui-ic.
889 1847 993 1882 Flor.
1027 1847 1158 1893 Camp.
1185 1857 1271 1880 cum
1300 1843 1401 1879 Alm.
1429 1842 1588 1890 Reliqui

264 1905 386 1939 cumi.
429 1903 476 1938 cf.
502 1916 574 1943 11,
606 1912 652 1945 5,
683 1908 750 1950 48.
1007 1903 1215 1949 repetimus.
1245 1899 1348 1935 Plor-
1379 1902 1417 1943 (a
1434 1911 1493 1947 pr.
1514 1901 1585 1942 m.)

265 1959 492 2007 respectibus.
527 1959 630 1995 Voss'.
659 1967 696 2001 5·
730 1959 826 1995 Obr.
864 1971 919 1993 res
938 1960 1102 2004 petimus.
1325 1953 1362 2002 si
1385 1963 1583 2002 utrunque.

265 2014 395 2049 Turic-
418 2012 520 2048 Flor.
555 2011 711 2060 strutius
741 2023 936 2060 utrumque.
968 2012 1039 2046 Ille
1063 2025 1082 2045 a
1107 2011 1172 2045 sec.
1194 2023 1246 2045 m.
1277 2006 1515 2058 sedstrictius
1535 2022 1584 2048 u.,

263 2068 331 2104 hic
350 2069 532 2104 nostrum.
546 2069 676 2116 Camp.
699 2066 909 2116 fifty-fotius
930 2082 962 2102 u.
995 2079 1080 2101 cum
1105 2066 1186 2101 edd.
1209 2075 1292 2100 aute
1313 2063 1402 2100 Bad.
1426 2060 1586 2110 Aliquid

265 2124 417 2159 turbare
450 2123 593 2158 dicitur
614 2123 710 2159 Alm.
731 2124 916 2158 Emendat
935 2124 1067 2157 Burm.
1092 2119 1130 2168 si
1158 2130 1278 2155 utrum
1312 2121 1452 2158 rectius,
1476 2117 1584 2153 Gesn.

256 2178 295 2227 [ἱ
323 2189 509 2226 utcunque,
536 2190 583 2215 ,ut
614 2180 660 2213 sit
691 2188 865 2226 utcunque
903 2177 1070 2225 „quovis
1100 2176 1238 2214 modo,
1270 2174 1480 2213 omnino“;
1523 2170 1596 2219 ap-'

263 2233 414 2283 pellatis
444 2233 540 2268 locis
576 2247 639 2275 ιι,
672 2244 708 2274 2,
738 2241 801 2278 24.
836 2247 910 2275 ιι,
941 2242 987 2276 5,
1023 2244 1113 2267 101.
1169 2231 1253 2278 Ego
1286 2228 1356 2264 tali
1382 2227 1586 2263 sententiaa

265 2413 406 2448 „quam
436 2399 648 2436 bonitatem
676 2413 755 2436 non
779 2398 897 2434 modo
954 2411 991 2445 p.
1014 2405 1104 2440 257.
1154 2395 1295 2431 Incidit
1319 2393 1394 2428 hoc
1411 2389 1523 2440 plane
1542 2391 1585 2427 in

264 2469 372 2496 „uon
410 2456 596 2503 aspernari
641 2450 684 2491 im
728 2455 898 2503 refutare.
954 2451 1318 2488 Franco-Gallorum
1349 2446 1498 2495 refuser,
1542 2456 1586 2481 ut
1635 2456 1639 2462 ‘

263 2510 374 2550 „sedv
410 2510 616 2558 complecti
684 2511 796 2546 etiam
862 2519 899 2543 et
956 2518 992 2543 et
1041 2507 1117 2541 alio
1165 2505 1332 2553 quodam
1380 2499 1586 2550 frustrandi

263 2578 427 2611 „augere
458 2565 654 2607 debetis;“
683 2576 718 2601 et
739 2565 897 2610 conjun-
953 2562 1180 2610 significatu.
1226 2558 1316 2594 vide
1346 2569 1439 2592 mox
1457 2569 1584 2592 remm-

263 2620 320 2666 git
340 2621 500 2654 eundem
522 2634 609 2655 cum
627 2621 752 2656 nostro
765 2620 898 2654 Gesne-
954 2618 1074 2652 viabit.

261 2686 327 2708 rus
349 2674 390 2708 in
412 2674 614 2712 Thesauro.
646 2676 703 2711 Cf.
725 2686 761 2710 et
782 2674 896 2710 Salm.
1011 2683 1047 2715 7.
1083 2669 1122 2719 si
1166 2679 1363 2717 utrumque.
1414 2666 1472 2704 Cf.
1500 2674 1581 2700 not.

262 2729 310 2768 ad
343 2728 547 2777 capitolin.
578 2731 621 2766 in
653 2735 742 2766 Ant.
765 2730 834 2765 Pio
859 2735 895 2770 5.
954 2728 1038 2763 crit.
