1676 3028
339 217 502 266 INST.
542 214 984 262 ORATORcLIB.
1018 215 1118 270 XI,
1161 228 1202 260 1.
1343 229 1440 273 273

98 347 259 408 cuius·
278 353 456 412 egerat
489 340 707 392 causam.
780 332 981 391 Verum
1006 340 1146 389 illud
1168 342 1445 407 elegantis-

70 420 248 483 lime,
292 439 419 472 cum
447 437 663 479 eorum,
702 436 731 468 a
761 418 959 484 quibus
983 417 1050 466 ad
1072 415 1125 466 se
1151 419 1443 485 perductus

92 533 208 585 'quod
238 533 272 570 is
302 533 374 583 qui
401 533 482 581 agit
512 546 594 568 eam
617 530 764 579 fatetur
792 530 853 575 (in
872 541 950 578 quo
970 540 1008 564 et
1035 529 1117 577 ipso
1147 530 1252 566 nulla
1277 529 1446 579 fatendi,

96 590 161 637 [ed
191 590 314 639 magis
342 590 538 639 gloriandi
569 589 734 632 occaIio)
763 587 798 622 se
820 599 900 622 non
922 586 968 621 de
1001 587 1099 629 fama
1125 587 1290 636 ingenii,
1317 589 1379 624 sed
1398 589 1446 624 de

96 646 179 684 tide
203 647 275 684 effe
293 645 488 683 solicitum
503 645 523 682 ’ἓ
556 645 766 693 Gedoynus
789 643 958 692 quidem,
991 654 1033 680 ut
1060 643 1182 679 solent
1202 644 1448 694 Francogalli

99 703 167 750 (cf.
199 716 261 746 io,
293 716 326 744 ι,
364 697 476 753 150.)
507 699 678 751 aliquam
697 699 921 736 sententiam
947 701 1111 740 extudit,
1135 701 1180 736 de
1203 701 1294 750 ipsis
1313 701 1447 738 verbis

98 773 237 810 parum
261 759 457 797 solicitus:
491 760 634 797 Testari
654 761 895 796 Ciceronem,
924 758 1060 804 justam
1090 758 1161 792 effe
1182 771 1339 794 reorum
1359 771 1446 793 cau-

100 817 190 860 ram,
218 817 267 855 ad
285 831 403 867 quam
426 816 703 853 defendendam
723 827 803 850 non
826 824 902 849 tam
928 815 1088 863 ingenio
1107 827 1223 863 quam
1247 815 1328 852 fide
1350 828 1448 864 opus

101 874 173 910 effe
204 875 376 910 fateatur.
400 875 402 878 ’
466 875 520 908 Ut
550 884 671 909 cetera
701 884 865 912 taceam,
923 871 1093 906 hoccine
1121 872 1200 907 dici
1232 873 1378 920 poterit
1404 872 1449 907 in

99 931 254 968 Vatinii
273 931 377 966 causa
390 928 412 964 ¹?
443 929 584 966 Omnis
614 929 708 965 haec
729 928 1051 963 commemoratio
1081 929 1275 963 causarum
1311 928 1448 964 diffici-

99 984 200 1021 lium
219 986 370 1025 Vatinii
400 997 437 1021 et
455 984 616 1021 Gabinii
644 985 758 1020 valde
796 983 929 1020 brevis
961 984 1010 1019 est
1043 985 1141 1020 etin
1172 997 1244 1032 qua
1265 986 1336 1020 vix
1353 985 1449 1032 justa

99 1055 232 1078 earum
261 1043 360 1078 ratio
391 1042 505 1078 reddi
534 1042 638 1090 poffe
660 1042 852 1077 videatur.
911 1041 1053 1088 Neque
1085 1051 1214 1076 tamen
1236 1042 1454 1089 quidquam

100 1097 260 1147 longius
281 1098 517 1135 intercidiss'e
541 1098 676 1138 dicam,
706 1109 795 1134 cum
817 1107 996 1146 appareat
1017 1095 1122 1132 illud
1148 1097 1253 1144 quod
1282 1098 1454 1146 sequitur

101 1153 150 1191 de
175 1154 406 1192 Cluentiana
442 1154 667 1204 diligentius
699 1164 903 1192 tractatum
939 1164 978 1189 et
1006 1154 1155 1201 majore
1175 1165 1264 1188 cura
1288 1154 1453 1204 dignum

99 1211 282 1249 habitum
304 1226 322 1247 a
343 1211 485 1248 nostro.
545 1211 744 1248 Credibile
765 1211 891 1259 igitur
911 1210 989 1246 cito
1011 1223 1099 1246 eum
1132 1211 1206 1246 effe
1225 1211 1455 1247 defunctum

101 1268 146 1303 in
166 1268 256 1308 hoc,
289 1269 398 1316 quod
427 1268 557 1304 levius
587 1268 806 1304 videbatur.
866 1267 1062 1317 Equidem
1093 1268 1188 1307 sane,
1219 1268 1326 1316 quod
1356 1281 1449 1316 pro-

101 1324 229 1363 betur,
258 1323 364 1359 nihil
389 1325 557 1373 reperio.
616 1325 718 1359 Nam
754 1333 798 1358 ut
831 1323 1055 1359 infinitivus
1091 1322 1135 1372 se
1164 1322 1235 1373 effe
1256 1323 1450 1372 solicitum

102 1380 268 1428 pendeat
302 1393 323 1414 a
352 1380 475 1416 verbo
506 1380 624 1416 finito
653 1380 762 1419 dixit,
793 1380 925 1415 nimia·
945 1380 1066 1415 fuerit
1087 1379 1259 1415 struendi
1279 1381 1450 1422 audacia,

104 1448 195 1471 oum
222 1435 342 1472 dicere
376 1436 509 1484 priore
539 1436 628 1472 loco
664 1436 778 1485 plane
808 1437 855 1472 sit
893 1436 992 1472 alius
1021 1436 1230 1485 potestatis.
1318 1437 1450 1473 Nemo

104 1492 211 1527 enim
239 1491 356 1527 feram
387 1493 524 1533 „Dixit
551 1505 625 1541 pro
652 1493 748 1529 Gab.
782 1503 819 1529 et
837 1493 994 1531 Vatia:
1025 1492 1086 1528 sed
1119 1501 1155 1528 et
1175 1493 1252 1529 hoc
1285 1495 1384 1539 dixit
1416 1494 1450 1529 se

29 1574 37 1578 -
102 1552 213 1584 etc-‘⁸
251 1547 392 1596 Neque
415 1548 588 1584 multum
610 1549 759 1596 juveris
781 1548 1013 1584 scribendo:
1043 1562 1167 1584 verum
1198 1551 1254 1585 ait
1279 1547 1379 1597 justa
1393 1548 1452 1598 sic

96 1602 177 1653 Jac-
217 1604 428 1652 Regianam
449 1603 559 1640 i'llam
583 1606 867 1642 correctionem
882 1604 1044 1653 fatendo
1065 1618 1139 1654 pro
1155 1605 1336 1654 faciendo
1358 1606 1451 1642 alie-

51 1693 62 1702 „
102 1658 294 1707 nillimam
314 1661 387 1698 effe
410 1673 527 1698 nemo
549 1675 629 1698 non
650 1663 871 1698 admonitus
894 1662 1039 1698 sentiat.
1084 1659 1191 1710 Jufia
1201 1662 1333 1711 facere
1351 1663 1450 1699 bene

104 1716 250 1752 dicitur
277 1717 322 1756 is,
357 1718 440 1766 qui,
470 1731 566 1766 quae
596 1732 686 1755 vera
720 1718 814 1756 lint,
845 1728 1023 1760 tuentum
1056 1731 1094 1755 et
1124 1733 1169 1755 eo
1201 1720 1452 1756 referendum

40 1774 43 1777 ’
104 1773 237 1820 censeo
250 1772 318 1822 sic,
349 1785 393 1809 ut
411 1775 458 1810 sit
485 1788 559 1823 pro
593 1775 838 1823 defendendis
870 1775 966 1810 hisce
995 1778 1076 1811 reis.
1139 1777 1213 1812 Sed
1246 1777 1343 1826 quid
1373 1777 1451 1812 huc

102 1828 219 1865 faciat
234 1829 299 1864 ista
319 1831 480 1878 ingenii,
511 1832 620 1878 cujus
650 1832 790 1866 famam
819 1831 1004 1881 negligat,
1035 1833 1196 1874 mentio,
1227 1833 1339 1882 plane
1369 1846 1452 1869 non

105 1885 294 1934 affequor.
352 1886 493 1936 Neque
513 1873 632 1929 enim}
655 1902 702 1924 ne
720 1887 846 1923 infans
877 1899 915 1924 et
937 1888 1092 1924 dicendi
1110 1889 1319 1938 imperitus
1336 1890 1452 1926 habe·

105 1951 228 1983 retur,
258 1942 478 1979 timendum
502 1954 581 1979 erat
605 1944 787 1980 Ciceroni
804 1945 988 1994 pristinos
1010 1945 1246 1982 adversarios
1275 1947 1364 1982 suos
1387 1946 1453 1981 de-

106 1997 292 2034 tendenti.
353 1999 460 2035 Illud
492 1999 656 2036 alterum
697 2002 781 2037 sane
815 2015 896 2038 non
927 2013 1030 2038 caret
1062 2014 1287 2044 momento,
1329 2002 1453 2038 fidem

107 2054 214 2090 cerni
234 2054 448 2109 probandis
481 2056 597 2091 etiam
627 2057 876 2094 inimieorum
913 2059 1153 2100 virtutibus,
1193 2059 1300 2108 quod
1328 2059 1453 2108 ipsum

107 2109 229 2163 modo
250 2111 476 2159 agnoscebat
495 2114 622 2150 noster
651 2114 781 2156 „decet
800 2134 855 2142 —
872 2113 1067 2164 persona“.
1119 2116 1200 2164 Ipse
1219 2116 1356 2152 Cicero
1377 2129 1452 2165 pro

107 2165 243 2202 Rabir.
281 2167 465 2203 Posttuno
504 2169 634 2209 „suam
662 2170 695 2204 se
719 2169 844 2218 fidem
874 2171 920 2206 de
950 2171 1119 2207 Gabinio
1151 2173 1309 2220 gravius
1340 2186 1453 2221 agere

109 2221 219 2271 pati“
250 2234 376 2271 negat.
436 2225 638 2273 Quidquid
671 2227 720 2260 est
741 2225 885 2263 dehoc
916 2225 1026 2270 loco,
1066 2242 1141 2264 una
1174 2239 1211 2264 et
1241 2227 1357 2263 altera
1386 2227 1454 2264 vel

109 2277 239 2315 addita
257 2278 322 2314 vel
343 2291 486 2316 mutata
507 2294 605 2317 voce
627 2281 752 2317 lucem
777 2283 812 2318 ei
830 2284 932 2331 poss'e
956 2284 1287 2333 contingere‚non
1300 2285 1452 2335 dubito.

109 2334 279 2371 maxime
301 2335 330 2370 fi
356 2337 448 2384 quis
474 2337 675 2373 sententias
705 2338 853 2387 aliquas
877 2339 955 2375 huc
986 2340 1168 2375 facientes
1195 2353 1241 2375 ex
1260 2341 1351 2390 ipsis
1370 2340 1451 2376 illis

111 2391 355 2428 orationibus
378 2392 572 2429 Tullianis
596 2393 1027 2443 alicundetprotulerim
1060 2407 1104 2432 ut
1130 2409 1234 2432 nunc
1255 2397 1317 2439 est,
1338 2395 1452 2432 intel·

108 2445 184 2495 ligi
206 2449 311 2498 poss'e
344 2461 458 2498 nego.
486 2449 592 2492 [Vid.
625 2451 840 2494 Addenda]
887 2454 935 2489 In
966 2452 1047 2489 illis
1073 2450 1214 2502 neusse
1242 2454 1288 2489 de
1324 2453 1453 2490 Guelf-

86 2538 91 2540 .
111 2503 262 2541 omittit
281 2505 336 2555 se.

197 2566 262 2608 74.
295 2563 400 2598 illud.
431 2561 536 2599 Flor.
565 2564 640 2599 iud.
674 2564 807 2614 Camp.
839 2565 889 2601 iel.
1171 2565 1286 2617 adse.
1319 2567 1450 2606 Turic.

112 2614 217 2653 Flor-
243 2619 371 2655 Guelf.
406 2618 496 2668 ase.
523 2619 684 2668 Reliqui
715 2621 802 2670 ipse.
834 2622 1022 2658 Nostrum
1049 2636 1068 2658 e
1091 2625 1323 2671 conjectura.

123 2689 126 2693 ·
187 2676 392 2722 perductus.
450 2676 514 2711 Sic
554 2677 687 2712 Tui-ic.
726 2678 830 2715 Flor.
872 2678 1000 2714 Guelf.
1043 2680 1174 2730 Camp.
1216 2694 1303 2717 cum
1334 2681 1454 2719 Goth.

172 2738 360 2811 perductus
390 2763 487 2815 affec.
559 2766 655 2804 Non
685 2778 762 2804 tam
810 2769 1040 2827 Scamander
1079 2769 1242 2808 libertus
1275 2771 1456 2813 Fabricii,

176 2830 281 2868 Tom.
311 2833 378 2872 IV.
972 2837 996 2872 S
