1676 3028
277 217 441 264 INST.
479 217 761 264 ORATOR.
795 217 916 263 LIB.
953 217 1064 272 XII,
1099 228 1141 262 1.
1293 227 1387 272 503

19 406 23 408 ‚
51 345 117 396 ad
142 361 303 412 quem
336 361 509 410 usque
539 345 764 396 modum
795 341 1195 411 processerimus
1213 380 1227 401 ‚
1279 360 1388 392 me-

46 412 210 487 litites
250 423 449 474 erimus
493 440 559 471 ex
592 429 834 488 utroque.
911 425 1026 472 Hoc
1058 431 1195 469 certe
1235 437 1387 486 pror-

49 499 136 551 sus
177 501 439 550 eximatur
469 501 675 558 animo,
751 516 933 549 rerum
971 498 1388 565 pulcherrimam

23 593 25 595 ·
49 578 407 643 eloquentiam
435 594 557 627 cum
583 578 725 627 vitiis
755 578 948 626 mentis
986 574 1129 644 poffe
1164 574 1387 625 misceri,

47 655 282 706 Facultas
313 654 553 712 dicendi,
588 653 632 703 si
657 656 716 704 in
746 655 915 704 malos
944 653 1158 711 incidit,
1193 664 1245 702 et
1279 651 1389 718 ipsa

47 731 328 794 judicanda
362 730 437 780 est
465 732 694 781 malum:
741 735 947 798 pejores
976 732 1119 780 enim
1155 731 1276 780 illos
1309 728 1384 777 fa-

48 811 133 866 cit,
155 809 353 874 quibus
375 811 607 874 contigit.
643 808 842 858 Videor
864 809 1000 857 mihi
1018 808 1204 857 audire
1227 825 1385 872 quos·
1414 816 1462 854 33

47 884 168 935 dam
184 923 199 943 ‚
238 885 451 951 (neque
482 887 626 936 enim
658 886 882 935 deerunt
907 902 1162 949 unquam,
1184 886 1280 949 qui
1305 884 1388 933 di-

44 960 166 1011 serti
195 960 319 1020 effe,
363 980 524 1030 quam
557 964 713 1021 boui,
751 964 960 1027 malint)
996 963 1087 1010 illa
1123 962 1384 1010 dicentes:

45 1039 191 1108 Quid.
233 1056 358 1104 ergo
401 1050 607 1092 tantum
651 1039 725 1087 est
769 1041 891 1088 artis
936 1041 995 1088 in
1046 1039 1386 1103 eloquentia?

44 1132 140 1181 cui·
170 1127 229 1166 tu
257 1116 323 1168 de
353 1117 649 1174 coloribus,
689 1127 740 1165 et
769 1113 1077 1165 difficilium
1110 1113 1386 1164 causarum

44 1191 366 1251 defensione,
403 1194 657 1246 ,nonnihil
685 1195 842 1242 etiam
874 1192 941 1241 de
967 1191 1279 1242 confeffione
1305 1190 1386 1241 Ιό-

33 1281 199 1319 ·cutus
233 1286 317 1328 es,
364 1265 486 1322 nisi
507 1270 794 1334 aliquando
825 1271 910 1319 vis
956 1287 1012 1317 ac
1046 1268 1266 1318 facultas
1304 1269 1386 1317 di-

45 1345 201 1395 cendi
219 1356 484 1413 expugnat
503 1344 668 1411 ipsam
688 1347 997 1395 veritatem?
1037 1348 1217 1395 Bonus
1239 1347 1386 1394 enim

44 1424 130 1478 vir
158 1440 271 1472 non
302 1423 406 1488 agit
439 1421 540 1471 nisi
576 1423 740 1473 bonas
774 1422 972 1482 causas,
1013 1438 1095 1471 eas
1126 1439 1288 1488 porro
1310 1433 1388 1471 et·

43 1500 150 1552 iam
179 1498 291 1549 fine
325 1499 567 1550 doctrina
596 1498 715 1550 satis
748 1517 843 1569 per
874 1498 927 1549 se
967 1508 1150 1548 tuetur
1189 1500 1384 1548 veritas

42 1689 147 1728 flor.
180 1702 212 1725 c.
238 1687 340 1725 Alm,
373 1685 504 1736 procul
529 1688 712 1722 eximatur
741 1684 873 1720 Turic.
906 1686 998 1732 (hic
1029 1689 1236 1731 eximatus)
1277 1687 1380 1724 Flor.

44 1747 179 1784 Ambr.
202 1755 238 1782 2.
260 1743 386 1780 Guelf.
410 1744 504 1777 Exc.
531 1744 632 1778 Sant.
655 1742 789 1790 Camp.
811 1753 842 1778 c.
864 1741 967 1778 Alm.
1003 1754 1039 1778 et
1062 1744 1147 1779 edd.
1180 1756 1265 1781 ante
1299 1744 1384 1781 Md,

46 1801 228 1840 Correxit
249 1800 406 1850 Regius.
467 1800 590 1833 animo
621 1811 697 1832 rem
724 1796 857 1832 Turic.
880 1797 984 1834 Flor.
1017 1798 1102 1842 (hic
1123 1800 1385 1849 conjunctim)

47 1859 180 1907 camp.
216 1858 424 1892 animorum
451 1854 586 1890 Ambr-
621 1865 657 1890 2.
691 1852 818 1889 Guelf.
847 1865 878 1890 c.
901 1854 1000 1892 Jens.
1024 1855 1140 1892 Tarv.
1162 1869 1280 1891 rerum
1307 1870 1384 1893 0n1,

7 1950 10 1951 γ
45 1914 134 1950 Ala,
154 1911 263 1962 posce
295 1911 430 1948 Ambr.
451 1921 486 1946 2.
518 1910 658 1946 incidat
680 1910 815 1959 Camp.
1095 1914 1263 1960 contigit.
1322 1911 1386 1949 510

45 1968 178 2008 Turio.
202 1968 305 2005 Flor.
336 1968 519 2016 contingit
537 1964 694 2017 reliqui.

130 2079 196 2116 53.
244 2085 360 2121 neque
388 2072 499 2109 enim,
564 2068 627 2103 Sic
658 2067 791 2103 Turic-
823 2067 926 2104 Flor.
957 2067 1085 2104 Guelf.
1121 2068 1239 2106 Goth.
1283 2073 1385 2116 (tac.

48 2129 180 2170 Gesn.)
200 2128 334 2175 Camp.
360 2127 407 2162 cf.
434 2139 495 2166 ιι,
517 2134 555 2169 5,
585 2124 674 2159 161.
706 2125 869 2161 dicerent
889 2139 1048 2174 unquam
1069 2125 1201 2161 Turio.
1227 2138 1333 2162 erunt
1349 2142 1387 2163 u.

50 2183 179 2221 Guelf.
201 2184 295 2219 Exc.
320 2185 422 2219 Sant.
440 2182 566 2232 diserti
588 2177 700 2229 effent
721 2181 821 2217 Flor.
846 2182 987 2216 malunt
1001 2181 1118 2217 Goth.
1132 2179 1225 2232 (tac.
1239 2184 1382 2227 Gesn.).

51 2237 196 2290 custode
223 2253 302 2288 pru
330 2253 390 2274 cur
418 2247 457 2273 tu
487 2239 533 2273 de
553 2236 656 2272 Flor.
691 2239 803 2273 etiam
829 2235 1042 2286 defensione
1062 2239 1194 2274 Turio.
1217 2238 1321 2276 Flor.
1351 2252 1385 2275 c.

49 2296 152 2334 Alm.
175 2310 206 2331 e.
227 2296 274 2331 de
293 2293 453 2346 confeſj’o
473 2293 629 2346 101ti
681 2293 877 2342 ,Nostrum
906 2307 924 2329 e
948 2294 1179 2341 conjectura.
1235 2293 1285 2342 efi
1311 2307 1385 2344 pro

47 2351 88 2401 ξε
111 2353 244 2389 Turio.
268 2351 371 2387 Flor.
394 2351 528 2387 Ambr.
558 2358 594 2383 2.
625 2362 714 2386 cum
743 2351 855 2386 Bern.
1139 2365 1182 2386 ac
1203 2350 1380 2399 facultas.

49 2409 113 2457 Sic
135 2407 268 2445 Turio.
294 2407 398 2443 flor.
421 2407 550 2444 Guelf.
575 2405 692 2442 Goth.
725 2407 763 2454 (a
787 2406 854 2443 sec.
875 2407 948 2452 m.)
980 2417 1014 2442 et
1027 2405 1063 2455 f.
1087 2405 1243 2456 reliqui.
1305 2406 1385 2458 ipsa

12 2495 15 2498 .
49 2466 90 2502 ἰιι
115 2468 277 2507 ueritate
308 2465 439 2500 Turio.
468 2462 573 2500 flor.

108 2628 174 2680 32.
230 2649 349 2672 rerum
394 2635 687 2685 pulcherrimam.
748 2648 806 2671 ne.
835 2632 945 2671 velut
968 2639 1005 2678 4,
1030 2642 1067 2675 2,
1097 2632 1288 2680 68-75.
1325 2646 1390 2675 11,

56 2679 104 2728 οἳ.
131 2703 166 2733 ι.
200 2701 270 2741 ¹2»,
297 2693 360 2730 16.
755 2707 791 2735 ι,
825 2691 890 2738 76.

112 2756 179 2793 53.
224 2751 394 2786 nonnihil
416 2770 468 2780 -
495 2746 692 2798 confeffio·
