1696 3016
335 194 499 261 1Ns‘r.
543 196 821 263 ORATOR.
866 215 988 262 Lm.
1029 216 1100 272 x,
1121 206 1184 260 ἰ.
1394 226 1454 271 37

105 336 254 410 sequi
285 339 498 400 Volunt,
529 341 619 390 alii
653 340 812 407 preffa
832 341 1051 392 demum
1075 352 1128 390 et
1159 341 1365 398 tenuia,
1403 351 1456 390 et

105 430 240 484 q‘uae
277 420 566 468 minimum
600 420 662 467 ab
695 418 796 468 usu
830 418 1146 484 quotidiano
1189 418 1454 477 recedant,

92 495 224 553 sana
256 507 308 545 et
336 512 462 545 vere
498 497 663 544 Attica
693 506 909 562 putam:
967 495 1231 560 quosdam
1264 496 1453 545 elatior

103 575 309 640 ingenii
331 574 438 630 vis,
477 582 528 620 et
550 574 714 638 magis
737 575 1018 631 concitata,
1054 583 1106 621 et
1123 573 1215 621 alti
1235 570 1452 637 spiritus
1471 592 1475 596 ·

103 652 260 718 plena
293 651 456 715 capit:
511 648 634 698 sunt
664 651 823 698 etiam
856 651 1015 708 lenis,
1075 660 1128 698 et
1158 649 1345 708 nitidi,
1398 660 1454 698 et

105 725 385 797 compositi
431 728 636 792 generis
679 738 791 777 non
820 728 978 794 pauci
1009 737 1279 782 amatores.
1367 728 1454 776 De

104 811 208 870 qua
241 800 538 852 differentia
571 801 810 853 differam
846 804 1185 870 diligentius,
1223 820 1347 853 cum
1386 802 1471 852 de·

104 896 296 947 genere
351 879 566 928 dicendi
618 881 984 946 quaerendum
1034 883 1145 930 erit.
1234 882 1455 930 Interim

103 956 429 1015 summatim,
487 956 622 1022 quid
670 968 722 1006 et
765 975 794 1005 a
841 975 947 1024 qua
996 959 1224 1008 lectione
1273 967 1454 1023 petere

96 1087 188 1140 sunt
213 1102 302 1126 cum
321 1089 489 1125 maxima
509 1089 594 1139 poft
613 1091 744 1128 volunt
761 1091 1077 1141 interpunctione
1090 1117 1100 1132 ,
1134 1090 1180 1127 de
1200 1091 1301 1139 conj,
1323 1092 1453 1140 Regii.

102 1145 290 1183 Nostrum
320 1156 358 1181 et
380 1146 505 1194 ipsum
537 1161 556 1182 e
590 1149 812 1195 conjectura
840 1147 914 1193 (cf.
940 1155 984 1191 5,
1013 1161 1082 1189 10,
1108 1160 1171 1195 9¹·
1203 1159 1285 1184 not.
1309 1148 1394 1183 erit.
1416 1159 1455 1185 et

107 1201 179 1252 ao,
203 1212 249 1246 7,
272 1212 307 1246 4.
368 1203 430 1238 Sic
456 1214 494 1238 et
518 1219 534 1239 ι
551 1216 580 1244 ι,
600 1215 636 1244 2,
660 1211 727 1252 ζμ.
761 1204 889 1240 Guelf.
904 1203 1208 1253 jurisconsulto).
1266 1205 1453 1241 Eximen-

103 1258 177 1294 dus
206 1258 330 1307 igitur
356 1258 422 1295 hic
456 1259 565 1297 locus
591 1260 756 1299 suunero
788 1275 905 1310 quem
932 1261 1045 1310 posui
1063 1261 1110 1295 ad
1135 1271 1170 1305 4,
1197 1271 1234 1305 5,
1263 1263 1323 1298 26.
1356 1261 1453 1299 item

105 1311 201 1365 aitei-
227 1329 272 1350 11
290 1342 300 1356 ,
328 1330 360 1357 ι,
387 1323 452 1360 82.
598 1320 734 1358 tenuia,
758 1328 794 1353 et
811 1332 904 1367 quae
926 1320 1012 1354 min.
1073 1318 1204 1355 Turic.
1226 1318 1330 1354 Flor.
1354 1319 1455 1354 tenui

105 1380 217 1421 atque
243 1385 291 1407 m.
350 1371 422 1408 Ille
449 1387 468 1408 a
498 1374 573 1410 sec.'
598 1387 651 1410 m.
683 1378 808 1410 tenuia
844 1384 952 1424 atque
981 1389 1074 1423 quae
1106 1388 1152 1410 m.
1196 1386 1234 1411 et
1256 1376 1304 1411 fic
1323 1374 1453 1411 Guelf.

24 1468 34 1474 ι
106 1429 240 1477 Camp-
272 1428 390 1466 Goth.
421 1430 521 1468 Jens.
551 1431 650 1479 (tac.
684 1432 823 1474 Gesn.)
855 1445 943 1466 cnm
976 1431 1080 1467 Voff.
1114 1440 1150 1466 2.
1183 1442 1220 1466 et
1251 1431 1336 1467 edd.
1366 1442 1452 1467 ante

70 1516 75 1520 .
103 1483 214 1535 Rafil.
388 1484 459 1521 alti
477 1485 635 1535 spiritus
656 1487 780 1541 plena.
842 1488 976 1523 Turic.
996 1485 1233 1536 aliaspucius
1250 1502 1288 1536 p.
1345 1487 1451 1526 Flor.

104 1540 378 1591 aliasspurtius
396 1556 446 1590 p.‚
468 1556 487 1579 a
511 1544 578 1581 sec.
600 1557 651 1579 m.
675 1543 742 1580 ine
772 1545 869 1581 alias
880 1542 1070 1592 spurcitiis
1087 1559 1124 1593 p.
1150 1543 1216 1579 hic
1239 1543 1452 1593 aliosspur-

104 1598 200 1643 estiis
218 1612 256 1646 p.
287 1611 376 1636 cum
404 1597 481 1635 hoc
511 1600 743 1637 facientibus
773 1600 892 1637 Goth.
921 1601 1018 1645 (nist
1039 1601 1145 1648 quod
1157 1600 1348 1651 spurt-ius,-
1378 1613 1452 1639 err.

104 1650 242 1698 Gesn.)
270 1656 378 1692 Vols.
405 1665 440 1691 2.
471 1655 569 1694 Vall.
591 1670 679 1692 cum
699 1657 772 1693 illo
795 1657 923 1694 Guelf.
943 1656 1056 1692 Bodl.
1079 1668 1117 1693 et
1138 1658 1223 1694 edd.
1247 1669 1332 1694 ante
1350 1656 1453 1699 Ald„

103 1709 175 1759 qui
214 1711 368 1760 primus
397 1725 418 1746 a
450 1712 574 1761 Regio
612 1714 830 1763 corrigente
859 1714 1014 1763 sumpsit
1034 1711 1204 1762 spiritus.
1272 1713 1382 1749 Bafil.
1418 1727 1454 1750 ι.

101 1763 215 1816 ρ’ἱθηα
238 1765 396 1816 spiritus
436 1769 603 1816 (omisso
646 1771 769 1814 alias)
810 1782 847 1807 et
879 1772 927 1806 fic
959 1769 1042 1805 rell.
1073 1782 1224 1819 praeter
1252 1770 1348 1809 Obr.
1384 1771 1455 1819 qui

102 1821 221 1859 liabet
250 1826 342 1860 acris
357 1823 393 1874 s
422 1839 460 1873 p.
519 1826 704 1862 Nostrum
727 1841 746 1863 e
766 1826 982 1863 Burmanni
1004 1828 1106 1873 conj.
1340 1830 1456 1863 etiam

104 1879 209 1916 lenis.
269 1880 332 1916 Sic
352 1882 486 1918 Turio.
504 1880 607 1918 Flor.
635 1883 761 1920 Guelf.
788 1885 922 1933 Qamp.
948 1883 1066 1919 Goth.
1090 1885 1187 1922 Jens.
1210 1882 1300 1930 (tac.
1324 1882 1455 1933 Gesn.)

59 1985 62 1987 ‚
103 1934 195 1971 c'uni
219 1935 322 1973 Alm.
353 1938 457 1975 Voss'.
482 1950 517 1974 2.
549 1949 585 1974 et
610 1940 696 1976 edd.
718 1952 804 1976 ante
829 1938 937 1976 Bam.
997 1939 1159 1991 Reliqui
1178 1950 1213 1976 et
1232 1941 1258 1977 l.

185 1991 412 2043 summatim.
442 1995 574 2030 Turio.
597 1995 701 2032 Flor.
715 1995 842 2045 sumat
863 2010 951 2031 cum
962 1995 1064 2031 Alm.
1087 2011 1106 2031 a
1126 1998 1194 2032 sec.
1214 2010 1266 2032 m.
1290 2008 1456 2046 uterque

98 2047 263 2097 summa,
297 2059 333 2084 et
361 2051 409 2085 fic
438 2051 567 2086 Guelf.
603 2053 736 2102 Camp.
774 2053 892 2089 Goth.
927 2054 1024 2091 Jens.
1057 2056 1153 2097 (tac.
1191 2054 1330 2098 Gesn.)
1366 2066 1458 2089 cum

106 2105 211 2156 Voff.
241 2115 278 2142 2.
314 2115 352 2140 et
381 2106 467 2143 edd.
496 2118 581 2143 ante
612 2108 722 2145 Bafil.
752 2109 823 2145 nisi
856 2109 960 2158 quod
997 2110 1089 2144 Bad.
1115 2107 1322 2157 summam.'

192 2161 282 2211 quid
299 2169 335 2196 et:
355 2175 380 2196 a
401 2176 483 2211 qua.
515 2163 647 2198 Turio.
668 2164 771 2200 Flor.
796 2165 924 2201 Guelf.
949 2165 1082 2215 Camp.
1106 2165 1224 2201 Goth.
1246 2167 1345 2205 Jens.
1367 2166 1458 2214 (tac.

109 2214 247 2259 Gesn.)
277 2218 428 2267 quia'et
461 2232 486 2253 a
515 2232 588 2267 qua
612 2232 700 2254 cum
725 2221 830 2258 Voss'.
858 2231 894 2255 2.
917 2231 954 2256 et
976 2221 1062 2256 edd.
1091 2233 1175 2258 ante
1197 2222 1305 2258 Bafil.
1332 2222 1455 2268 (Bad.

109 2273 268 2322 quidem
299 2286 408 2322 quam
441 2283 477 2309 et
506 2289 530 2309 a
557 2277 634 2322 φ).
693 2275 855 2324 Reliqui
884 2277 971 2325 quid
992 2291 1014 2311 a
1034 2291 1106 2326 qua
1134 2290 1283 2326 praeter
1305 2278 1455 2328 Gryph.

45 2328 50 2333 ”
104 2329 259 2377 (ι556)
279 2339 317 2365 et
337 2330 479 2366 Vidov.
502 2331 572 2379 qui
600 2331 744 2368 habent
773 2333 862 2382 quid
881 2347 904 2368 a
921 2346 1063 2383 quaque
1091 2331 1160 2378 (cf.
1190 2349 1224 2377 1,
1240 2335 1276 2377 6,
1298 2335 1394 2382 ι6.),
1419 2346 1460 2372 et

167 2425 232 2464 44.
273 2421 393 2468 magis
434 2423 615 2456 concitata
660 2421 753 2458 illu·
810 2421 907 2464 „ille
927 2422 1032 2458 malo
1051 2423 1139 2463 est,“
1169 2436 1206 2461 et
1223 2424 1334 2461 Flori
1358 2434 1394 2468 2,
1419 2437 1456 2470 2,

109 2476 196 2512 strat
213 2475 372 2525 Capper.
399 2475 452 2522 τῷ
481 2477 612 2526 ’γοργῷ
641 2490 678 2513 et
707 2479 757 2523 τῇ
815 2491 877 2524 27.
907 2479 1278 2529 ‚spirantibusaltius
1290 2482 1460 2529 Poenia“

107 2531 319 2582 *yoqydi-nrt,
341 2533 387 2568 de
409 2533 551 2582 quibus
564 2535 752 2584 Hermog.
812 2537 884 2572 ubi
903 2536 984 2572 vid.
1010 2547 1046 2571 et
1065 2537 1285 2574 Dukerum.
1341 2541 1460 2588 Apud

108 2589 186 2638 περὶ
207 2593 278 2624 τῶν
300 2587 401 2625 ἰδεῶν
426 2599 463 2632 2,
491 2604 525 2625 1.
550 2604 587 2639 p.
609 2593 752 2627 Sturm.
811 2593 983 2628 nostrum
1006 2592 1054 2628 est
1073 2594 1261 2629 alcamens
1284 2594 1305 2629 6
1320 2597 1406 2632 Pro.
1422 2607 1460 2641 7,

35 2651 37 2654 '
112 2650 190 2690 373
210 2645 288 2693 sqq.
307 2646 425 2681 altum
442 2657 567 2682 autem
579 2646 754 2695 spiritum
806 2648 979 2698 sublimis
991 2647 1146 2697 spiritus
1172 2663 1232 2690 ιο,
1263 2658 1296 2694 5,
1322 2657 1357 2695 4.

110 2697 244 2738 Burm.
257 2700 398 2737 ovidii
417 2702 505 2738 loco
522 2703 633 2739 Trist.
660 2711 693 2747 4,
718 2719 751 2744 1,
874 2703 1046 2754 differam
1068 2706 1295 2757 diligentius.
1321 2722 1334 2743 ι
1348 2717 1383 2750 2,
1401 2722 1460 2751 ιο,

13 2759 38 2810 ,’
115 2763 178 2802 74.
237 2758 388 2800 „Altior
410 2757 755 2809 humanospiritus
815 2763 1010 2806 63—70.
