1696 3016
281 215 342 268 48
586 206 660 252 M.
705 206 836 252 ΕΑΒ.
886 206 1295 270 QUINTILIANI

208 341 259 381 58
281 335 618 380 revertemur.
700 330 857 399 Quod
878 332 935 380 in
957 331 1130 393 coenis
1150 330 1430 395 grandibus
1451 331 1598 399 saepe
1646 355 1649 359 ·

262 403 531 463 facimus„
545 417 619 463 ut,
653 423 772 455 cum
795 407 1005 471 optimis
1028 405 1188 454 satiati
1204 406 1396 474 sumus,
1432 410 1598 457 varie-

275 490 350 530 tas
372 492 543 530 tamen
566 481 717 530 nobis
743 497 805 528 ex
826 481 1107 531 vilioribus
1136 491 1274 545 grata
1293 481 1365 530 fit.
1443 486 1597 532 Tunc

277 566 328 604 et
365 557 583 620 elegiam
625 556 825 604 vacabit
858 557 916 604 in
954 573 1137 604 manus
1165 554 1394 615 sumere,
1445 559 1597 608 cuius

277 632 516 696 princeps
543 631 763 679 habetur
794 630 1155 678 Callimacszus:
1191 630 1438 681 secundas
1475 651 1598 682 con-

205 718 256 760 59
278 704 482 755 feffione
510 707 864 771 plurimorum
886 705 1113 753 Philetas
1131 704 1428 770 occupavit(
1495 709 1595 756 Sed
1605 713 1684 755 895

277 780 408 829 dum
440 779 753 845 affequimur
788 782 932 827 illam
958 778 1186 837 firmam,
1219 790 1277 828 ut
1302 781 1438 839 dixi,
1475 781 1598 830 faci-

276 857 502 913 litatem,
542 857 754 920 optimis
791 853 1172 904 affuescendum
1205 854 1301 903 est:
1354 867 1405 904 et
1433 858 1598 905 multa

275 932 439 995 mag-is
496 945 653 996 quam
710 931 1002 978 multorum
1053 931 1276 978 lectione
1325 930 1598 980 formanda

275 1021 459 1064 mens,
521 1005 890 1054 et‘ducendus
937 1006 1092 1055 color.
1182 1008 1362 1070 Itaque
1405 1023 1466 1054 ex
1506 1009 1598 1055 tri-

360 1163 425 1201 58.
459 1157 568 1207 Quod
591 1159 637 1192 ιἠ.
699 1157 758 1192 Sic
779 1156 910 1191 Turic.
930 1156 1031 1191 Flor.
1056 1155 1179 1192 Guelf.
1204 1169 1289 1192 cum
1307 1157 1407 1194 Voss.
1437 1170 1469 1192 1.
1494 1166 1530 1194 2.
1554 1165 1593 1200 5.

274 1212 392 1248 Goth.
460 1212 614 1260 R‘qui
644 1212 812 1246 inserunt
841 1212 962 1251 etiam,
993 1211 1141 1257 aliquot
1179 1222 1224 1246 et.
1282 1211 1412 1260 Camp.
1454 1222 1490 1246 et
1518 1212 1596 1247 hoc

275 1267 422 1304 omittit
454 1278 489 1301 et
519 1261 566 1302 ἷη.
787 1268 823 1300 ἰη
852 1269 982 1302 coenis.
1044 1267 1174 1301 Turio.
1197 1267 1299 1302 Flor.
1329 1268 1483 1314 ingeniis
1507 1280 1596 1302 cum

273 1323 374 1357 Alm.
408 1323 445 1355 in
468 1320 586 1369 scenis
604 1320 707 1358 Vols.
731 1329 767 1363 5.
995 1322 1205 1369 grandibus.
1263 1323 1393 1358 Turic.
1415 1323 1594 1369 grandiis,

273 1392 293 1412 a
324 1379 390 1412 sec.
424 1389 474 1411 m.
508 1371 676 1423 grandia.
736 1375 860 1413 Guelf.
893 1378 1053 1424 grandis.
1254 1388 1306 1418 ut,
1338 1390 1426 1413 cum.
1462 1377 1592 1412 Turio.

273 1432 374 1468 Flor.
402 1431 494 1476 (hic
513 1445 531 1465 a
550 1445 607 1479 pr.
630 1433 709 1475 m.)
733 1432 915 1466 omittunt
937 1440 986 1465 ut.
1030 1432 1150 1466 Guelf.
1177 1441 1213 1467 et
1232 1446 1320 1467 cum.
1394 1439 1395 1442 ’
1455 1423 1592 1480 sumus:

273 1487 334 1522 Sic
353 1487 482 1521 Tui-ic.
505 1486 606 1520 Flor.
628 1485 879 1523 F101·il.‘5ant.
906 1488 1035 1534 Camp.
1060 1499 1146 1522 cum
1167 1487 1283 1522 Goth.
1310 1487 1413 1526 Voss‘.
1436 1497 1470 1522 2.
1490 1485 1592 1521 Alm.

270 1541 427 1590 Reliqui
447 1541 748 1587 conjunctivum.

365 1616 473 1654 grata
499 1606 561 1657 fit.
641 1607 740 1642 Tunc
789 1615 824 1642 et
869 1607 1023 1654 elegiam
1066 1609 1220 1644 vacabit.
1297 1609 1424 1643 Turic.
1469 1609 1594 1655 gratia

261 1663 298 1714 fi
329 1673 403 1698 tam
434 1671 526 1696 certe
558 1662 664 1696 licere
691 1663 771 1706 jam
800 1665 962 1702 vacavit,
993 1676 1012 1696 a
1042 1664 1106 1698 sec.
1140 1678 1190 1699 m.
1222 1662 1380 1712 gratafi
1402 1672 1520 1697 tamen
1539 1681 1593 1689 --

269 1719 425 1755 vacabit.
483 1717 585 1752 Flor.
618 1715 862 1759 (oblitterata
890 1718 968 1752 fere
997 1719 1121 1765 prima
1148 1723 1284 1762 manu)
1312 1721 1436 1766 gratia
1471 1721 1593 1763 (mox

268 1774 419 1821 gratia)
439 1771 504 1822 fit.
575 1773 667 1807 Tum
697 1779 732 1805 et
763 1773 985 1820 elegantiam
1021 1773 1126 1808 licere
1151 1775 1230 1817 jam
1270 1774 1483 1821 (postrema
1514 1773 1590 1807 duo

268 1842 361 1864 mox
392 1827 590 1870 delentur)
628 1827 772 1862 vocabit
809 1827 932 1875 (mox
959 1829 1141 1871 vacabit).
1209 1830 1336 1864 Etiam
1368 1828 1462 1863 Alm.
1499 1828 1592 1863 Tum

269 1893 362 1919 certe
383 1884 487 1917 licere
503 1885 594 1926 jam.
738 1882 964 1932 consqffione.
1014 1884 1149 1919 ,Turio
1178 1884 1279 1919 Flor.
1306 1885 1435 1930 Camp.
1456 1901 1512 1909 -—
1541 1894 1590 1917 es.

355 1939 525 1974 Philetus.
584 1937 707 1972 Guelf.
745 1939 910 1974 Philatas
940 1951 1026 1972 cum
1051 1939 1151 1976 Voff.
1182 1953 1215 1974 1.
1240 1948 1276 1982 5.
1335 1940 1434 1973 Ante
1456 1937 1591 1973 Gesne-

267 2007 353 2030 rum
381 1995 459 2029 fere
488 1993 680 2028 Philaetas.

350 2067 414 2106 59.
447 2056 672 2108 affequimur.
730 2057 832 2095 Flor.
862 2072 882 2093 a
900 2059 966 2094 sec.
985 2072 1035 2094 m.
1065 2058 1293 2108 adsequatur.
1409 2065 1445 2093 et
1462 2058 1588 2093 multa.
1627 2086 1631 2089 .

267 2116 394 2151 Turic.
435 2127 454 2148 a
482 2127 538 2161 pr.
568 2128 618 2150 m.
654 2123 694 2149 ut
721 2128 767 2150 m.
984 2115 1061 2150 due.
1086 2115 1196 2150 color.
1255 2115 1315 2150 Sic
1333 2114 1460 2150 Tui-ic.
1484 2112 1585 2148 Flor.

264 2255 328 2292 59.
373 2245 480 2278 index
506 2244 821 2293 philosophorum,
863 2255 901 2280 et
955 2244 1198 2292 Philadelphi
1222 2254 1464 2293 praeceptor,
1493 2244 1585 2277 Pro·

263 2300 359 2334 Plin.
383 2299 496 2346 Epist.
521 2309 556 2342 3,
583 2308 616 2342 5,
642 2309 677 2334 2.
709 2300 776 2334 ubi
806 2300 898 2334 incli-
954 2300 1079 2347 pertio
1130 2300 1232 2348 saepe
1274 2309 1502 2334 memoratus
1549 2307 1587 2331 et

264 2357 313 2388 cis
335 2356 410 2389 vice
425 2353 468 2401 se
484 2353 695 2399 functurum
717 2355 779 2390 ait,
839 2356 898 2388 Ιη-
955 2367 1040 2388 cum
1077 2353 1310 2390 Callimacho
1347 2353 1584 2398 conjunctus,

264 2410 358 2443 dices
392 2409 503 2442 unius
527 2410 720 2454 cujusdam
741 2410 897 2456 scripto·
953 2421 1022 2443 nec
1048 2420 1171 2444 tamen
1190 2410 1257 2444 nin
1276 2407 1495 2455 fragmentis
1515 2418 1584 2442 no·

262 2464 315 2498 ris
346 2477 363 2498 a
395 2464 575 2498 Romanis
609 2465 750 2499 criticis
779 2464 896 2499 factos
951 2463 1014 2498 bis
1035 2464 1279 2499 innotescens.

265 2519 354 2554 vide
377 2517 472 2553 Gell.
497 2526 541 2559 5,
568 2527 603 2559 3.
1009 2525 1071 2564 59.
1102 2527 1143 2562 με
1163 2519 1251 2562 dixi,
1280 2518 1325 2553 cf.
1348 2521 1381 2565 §.
1409 2529 1442 2553 ι.

323 2580 385 2617 58.
419 2580 453 2607 et
473 2573 636 2619 elegiam.
668 2574 713 2608 ef.
741 2588 774 2615 1,
797 2581 819 2618 3
858 2573 893 2608 6.
1008 2586 1051 2607 eac
1086 2574 1205 2608 tribus.
1271 2574 1383 2608 Duos
1410 2570 1581 2621 inliquos
1612 2602 1614 2604 ,

318 2628 488 2664 Philetas.
550 2628 674 2668 Cous,
712 2641 895 2675 gramma·
951 2638 1050 2662 recte
1070 2627 1319 2663 Ruhnkenius
1351 2626 1376 2662 l.
1401 2640 1431 2662 c.
1452 2639 1489 2674 p.
1515 2636 1577 2672 99.

265 2684 360 2719 ticus
408 2692 445 2718 et
488 2692 598 2730 poeta
622 2708 631 2721 ‚
689 2683 896 2718 Ptolemaei
954 2682 1117 2730 defignat
1152 2674 1388 2717 Simonidem
1419 2692 1456 2717 et
1482 2682 1579 2730 Hip·
