1676 3028
186 1006 210 1031 b

227 193 340 259 ,136
557 194 630 239 M.
665 196 798 239 ΕΑΒ.
834 195 1242 255 QU1NT1L1AN1

238 315 496 374 laborem,
535 319 1043 382 extemporalemque
1087 318 1348 368 fortunam
1383 315 1554 365 media

239 391 521 455 quaedam,
576 402 627 439 et
664 391 837 440 nescio
881 410 945 440 an
984 392 1104 442 usus
1151 391 1549 456 frequentiffimi.

238 467 378 514 Nam
399 464 618 514 scribere
641 462 750 513 ‘nec
785 468 999 532 ubique,
1037 485 1132 516 nec
1165 467 1363 532 semper
1383 464 1553 531 poffu-

237 557 386 590 mus:
429 542 732 605 cogitationi
761 546 1009 607 temporis
1044 561 1099 591 ac
1129 543 1234 590 loci
1261 543 1554 606 plurimum

239 614 324 663 est.
435 619 572 663 Haec
615 617 796 680 paucis
838 617 1123 666 admodum
1158 617 1305 665 horis
1345 631 1554 680 magnas

238 692 394 737 etiam
431 689 600 738 causas
638 693 1014 756 complectitur.
1108 695 1275 748 Haeo,
1349 690 1555 753 quoties

238 763 554 813 intermiffus
590 765 663 813 est
694 765 937 825 somnus,
982 765 1102 832 ipsis
1135 767 1302 815 noctis
1331 765 1557 813 tenebris

237 839 526 899 adjuvatur.
626 844 762 888 Haec
795 843 933 890 inter
970 842 1171 890 medios
1207 858 1382 890 rerum
1413 849 1554 888 actus

235 914 432 978 aliquid
479 916 687 964 invenit
730 919 907 974 vacui,
977 935 1072 966 nec
1115 919 1286 966 otium
1342 917 1551 980 patitur.

234 990 426 1054 Neque
468 1007 595 1039 vero
643 1008 820 1039 rerum
855 991 1095 1041 ordinem
1136 992 1326 1047 modo,
1404 988 1554 1053 quod

233 1063 407 1129 ipsum
446 1063 561 1114 satis
600 1076 735 1122 erat,
771 1068 906 1114 intra
933 1066 983 1114 se
1014 1066 1120 1132 ipsa
1153 1066 1412 1131 disponit,
1463 1062 1553 1112 sed

231 1141 391 1188 verba
420 1142 576 1188 etiam
610 1142 843 1206 copulat,
909 1152 1174 1206 totamque
1214 1142 1287 1188 ita
1327 1140 1554 1190 contexit

233 1217 553 1272 orationem,
592 1226 652 1264 ut
685 1217 734 1263 ei
766 1217 903 1264 nihil
935 1228 1135 1281 praeter
1166 1232 1380 1264 manum
1408 1212 1552 1262 desit.

230 1292 371 1339 Nam
408 1292 689 1339 memoriae
722 1308 939 1356 quoque
968 1292 1281 1358 plerumque
1317 1290 1555 1339 inhaeret

231 1476 320 1499 cum
350 1462 440 1511 ipsa.
697 1462 779 1511 usus
796 1463 1086 1514 frequentffnzi.
1116 1465 1247 1500 Turio.
1277 1476 1366 1498 unus
1389 1462 1554 1511 frequen-

231 1517 361 1566 dſjime
379 1521 472 1558 vim,
503 1531 522 1552 a
543 1517 609 1554 see.
633 1531 683 1554 m.
715 1521 818 1553 unius
833 1517 1111 1568 frequentg'ffimi
1129 1522 1212 1554 vim.
1243 1519 1345 1555 Flor.
1377 1531 1464 1552 unus
1476 1517 1556 1564 fre-

229 1571 444 1621 quenciffimi
472 1576 570 1613 vim,
598 1574 640 1608 in
670 1587 746 1621 quo
783 1586 916 1608 manus
938 1575 1004 1608 sec.
1035 1585 1158 1609 mutat
1188 1574 1278 1622 usus.
1310 1575 1440 1621 Camp.
1472 1571 1555 1621 usus

219 1627 524 1676 frequentiſjimus
553 1642 641 1664 cum
666 1629 783 1664 Goth.
813 1628 915 1667 Voss'.
941 1639 976 1663 2.
1009 1629 1108 1666 Vall.
1139 1630 1218 1673 (sed
1236 1631 1300 1664 hic
1323 1628 1510 1672 obscure.)

313 1696 377 1717 nec
396 1683 537 1733 ubique.
566 1684 668 1720 Flor.
698 1684 825 1720 Guelf.
856 1697 931 1718 non
955 1684 1085 1733 ubique
1114 1697 1200 1718 cum
1225 1684 1324 1722 Voff.
1351 1697 1402 1728 1.v

309 1740 540 1784 cogitationi.
570 1740 699 1774 Turic-
728 1738 830 1774 Flor.
871 1738 953 1782 (hic
974 1752 992 1772 a
1011 1753 1068 1786 pr.
1092 1740 1163 1785 m.)
1193 1741 1381 1788 cogitatio.

309 1794 507 1828 admodum
540 1795 650 1830 horis.
689 1794 822 1830 Turio.
861 1793 964 1828 Flor.
1004 1794 1174 1830 inserunt
1211 1793 1280 1843 est,
1320 1795 1423 1830 idem
1458 1806 1553 1829 mox

225 1850 326 1884 inter
358 1848 571 1898 intermiffus
594 1849 745 1898 somnus
776 1849 922 1885 omittit
958 1850 1088 1896 Camp.
1367 1847 1473 1884 vacui
1495 1866 1553 1876 -—·
1617 1859 1620 1863 '

223 1907 377 1952 patitur.
418 1905 548 1940 Turio.
578 1905 681 1940 Flor.
721 1919 756 1939 v.
787 1919 823 1940 n.
856 1906 1115 1951 experientium
1155 1918 1241 1940 cum
1273 1903 1374 1940 Alm.
1431 1903 1502 1939 Ille
1531 1911 1552 1938 a

223 1961 292 2007 sec.
323 1972 376 1993 m.
423 1973 457 1994 v.
487 1973 523 1994 n.
562 1961 843 2006 experientiam,
894 1958 960 1993 hic
989 1958 1170 1994 nostrum.
1221 1958 1346 1995 Guelf.
1398 1971 1551 1995 vacuum

221 2016 338 2049 otium
358 2028 395 2062 p.
427 2027 514 2049 cum
535 2015 638 2053 Voss'.
676 2028 708 2051 ι.
729 2023 763 2057 3.
795 2016 907 2050 Bel-n.
937 2027 1087 2049 vacuum
1109 2029 1146 2052 ο,
1171 2028 1243 2050 ηοη
1264 2028 1300 2061 p.
1333 2014 1429 2052 Jens.
1460 2027 1550 2048 cum

222 2070 306 2105 edd.
330 2070 485 2118 posterr.
506 2081 590 2105 ante
619 2069 705 2104 Ald.
735 2084 770 2106 v.
790 2084 826 2106 η.
850 2082 884 2106 ο.
906 2071 1043 2117 pariter
1073 2071 1204 2118 Camp.
1235 2069 1411 2117 Suspicor
1439 2068 1551 2104 fuiffe

221 2138 255 2160 v.
280 2139 315 2161 n.
342 2127 486 2173 patitur
503 2127 631 2160 otium.
670 2125 717 2160 cf.
741 2135 777 2168 7,
809 2134 845 2166 2,
883 2131 943 2168 14.

306 2189 342 2216 2.
373 2193 501 2215 rerum.
533 2181 663 2216 Turio.
694 2179 798 2215 Flor.
828 2180 910 2224 (hic
932 2193 948 2214 a
970 2192 1030 2228 pr.
1052 2182 1122 2224 m.)
1155 2193 1246 2214 eum.

305 2236 466 2282 copulat,
490 2244 687 2284 totamque.
718 2235 850 2271 Turio.
883 2235 1053 2284 compula
1077 2243 1230 2284 tamque,
1253 2248 1272 2270 a
1293 2236 1362 2271 sec.
1382 2248 1434 2271 m.
1458 2246 1548 2270 con-

220 2290 396 2336 junctim.
435 2290 540 2326 Flor.
582 2294 625 2333 (a
654 2304 712 2339 pr.
748 2293 831 2335 m.)
870 2292 1001 2339 Camp.
1030 2291 1316 2338 copulatamque.
1375 2289 1448 2325 Sed
1475 2288 1548 2324 ille

220 2358 241 2378 a
272 2346 340 2380 sec.
371 2347 539 2393 (praeter
568 2346 773 2394 repositam
803 2346 983 2387 nostram)
1012 2345 1094 2394 post
1124 2348 1282 2380 contexit
1311 2345 1444 2381 inserit
1470 2344 1549 2391 ple-

221 2413 381 2449 rumque.
614 2402 725 2436 Nam.
754 2401 885 2437 Turio.
910 2401 1041 2449 Camp.
1074 2413 1236 2448 namque.
1262 2399 1364 2435 Flor.
1394 2412 1478 2434 nam
1497 2407 1546 2435 et.

221 2455 353 2489 Turic-
378 2465 414 2491 et
445 2458 633 2493 memoria.
863 2469 1018 2504 quoque.
1048 2455 1174 2491 Guelf.
1207 2455 1364 2491 omittit·

280 2609 401 2644 media
438 2611 630 2658 quaedam.
710 2611 757 2648 cf.
795 2624 860 2651 ιι,
976 2621 1013 2646 2.
1061 2618 1206 2658 praeter
1259 2622 1404 2645 rnanum
1451 2610 1480 2648 i.
1516 2622 1550 2645 e·

226 2672 262 2705 2,
293 2672 330 2708 5.
914 2675 1062 2715 praeter
1082 2664 1220 2701 stilum.
