1644 2982
221 170 323 206 vm
649 157 1094 205 PRAEFATIO.

220 291 494 356 praecipue
506 299 674 337 autem
686 289 914 350 ejusdem
924 308 1082 339 manu
1095 289 1372 355 adscriptae
1384 294 1526 358 prio-

221 373 340 424 runi
359 385 623 424 tomorum
653 377 899 439 exemplis
925 378 1229 433 notationes,
1252 378 1310 424 in
1333 378 1526 441 quibus

220 461 474 526 permulta
491 459 621 517 sunt,
642 477 771 524 quae
790 461 948 521 hujus
967 463 1135 527 operis
1149 462 1428 512 lectoribus
1444 465 1525 512 in-

223 546 389 594 videri
404 547 554 594 nullo
569 546 728 596 modo
751 546 980 594 debeant.

321 632 415 680 Illa
435 648 561 681 vero
582 631 798 688 consilii,
814 632 957 695 quod
975 633 1031 680 in
1053 633 1222 697 primo
1243 635 1411 698 operis
1430 650 1526 688 vo·

218 714 416 766 lumine
436 715 740 779 sequebatur
751 718 957 782 Spaldin
964 719 1096 782 gius,
1108 717 1372 767 diversitas
1381 719 1526 775 aliud.

216 803 369 848 etiam
402 803 797 861 incommodum
827 805 1052 867 peperit,
1089 803 1248 868 quod,
1286 805 1525 870 quamvis

217 904 325 936 non
341 904 508 951 grave,
530 906 758 937 mancam
785 900 954 938 tamen
974 891 1295 953 aliquatenus
1314 892 1528 939 univer-

218 970 321 1019 sam
338 974 439 1028 viri
461 976 647 1038 optimi
661 992 870 1041 operam
891 972 1071 1023 effecit.
1099 977 1236 1024 Nam
1260 993 1380 1024 cum
1394 975 1527 1032 eiad

215 1073 431 1111 :manum
453 1075 563 1107 non
586 1059 741 1109 essent
765 1062 958 1110 multae
986 1077 1047 1108 ex
1075 1060 1261 1109 saeculi
1282 1043 1395 1111 XVI
1419 1059 1528 1108 edi-

217 1143 466 1202 tionibus,
488 1161 582 1194 nec
596 1146 697 1195 nisi
711 1146 993 1197 admodum
1010 1157 1294 1213 paucarum*
1311 1147 1530 1212 egiguus

218 1228 343 1276 usus
374 1227 690 1281 factusess'et
719 1234 775 1280 in
809 1234 1095 1283 Burmanni
1131 1244 1182 1280 et
1212 1230 1530 1282 decefforum

215 1319 329 1376 ejus
350 1319 745 1375 commentariis,
761 1317 880 1366 fieri
903 1336 1013 1367 non
1033 1321 1221 1384 potuit,
1242 1318 1371 1385 quin
1392 1317 1530 1372 mul-

216 1401 282 1449 tis
306 1417 427 1449 eum
457 1405 583 1452 locis
616 1416 848 1468 receptae
876 1403 966 1453 seu
992 1407 1228 1469 vulgatae
1250 1402 1527 1467 scripturae

215 1485 334 1536 fons
362 1499 411 1536 et
436 1506 497 1538 ex
521 1491 617 1538 alia
640 1493 698 1539 in
724 1492 875 1539 aliam
902 1491 1143 1540 transitus
1165 1491 1316 1556 plane
1334 1489 1524 1542 lateret.

216 1574 406 1637 Neque
439 1587 612 1624 tamen
648 1577 706 1624 id
736 1576 1020 1626 admodum
1061 1578 1266 1626 curabat
1289 1573 1529 1641 Spaldin-

214 1660 331 1723 gius
346 1661 403 1708 in
425 1661 515 1709 tali
534 1663 739 1727 qualem
758 1673 872 1710 tum
891 1664 1096 1727 parabat
1119 1662 1362 1716 editione.
1397 1663 1529 1711 Mox

215 1744 512 1809 augescente
537 1748 862 1798 vetustorum
882 1750 1141 1799 librorum
1163 1764 1384 1797 nurnero
1407 1762 1529 1795 cum

212 1835 496 1882 accuratius
526 1835 896 1899 exponendum
933 1834 1051 1885 effet
1085 1835 1149 1882 de
1173 1834 1414 1900 plurimis
1439 1848 1528 1880 va·-
1551 1879 1557 1891 ,.

212 1920 498 1977 rietatibus,
526 1931 670 1969 aucta
693 1922 764 1970 est
785 1925 938 1971 etiam
960 1921 1145 1970 sensim
1168 1918 1418 1969 necessitas
1445 1918 1528 1966 illi

214 2005 516 2054 criticorum
535 2005 791 2058 desiderio
810 2007 1150 2058 satisfaciendi
1161 2025 1175 2065 ;
1197 2005 1340 2070 quod
1354 2016 1527 2053 tamen

213 2091 483 2154 quomodo
504 2090 623 2140 fieri
641 2091 817 2159 posset,
847 2095 905 2143 in
931 2105 1067 2142 tanta
1098 2095 1242 2142 illius
1269 2092 1386 2139 aevi
1421 2088 1531 2137 edi-

213 2177 422 2225 tionum
447 2179 652 2226 raritate
675 2196 785 2228 non
818 2181 1104 2245 apparebat.
1179 2179 1344 2243 Igitur
1374 2176 1530 2223 etiam

212 2269 325 2310 tum
339 2262 402 2310 iis
418 2279 544 2326 quas
557 2264 776 2313 habebat
795 2267 981 2332 opibus
1003 2274 1276 2315 contentus
1292 2260 1530 2328 Spaldin-

211 2349 344 2410 gius,
379 2350 584 2410 quoties
609 2361 855 2399 mutatam
876 2351 1102 2416 aliq'uam
1129 2344 1399 2398 inveniffet
1424 2349 1528 2407 jam

213 2437 500 2499 antiquitus
531 2433 848 2500 scripturam,
877 2436 935 2485 id
967 2435 1143 2484 saltem
1177 2434 1374 2497 ubique
1409 2431 1527 2480 dili-

212 2530 391 2583 genter
418 2522 646 2578 notavit‚
686 2525 744 2570 in
776 2539 1007 2586 quonam
1033 2517 1251 2594 suorum
1289 2517 1528 2567 librorum

213 2607 385 2671 primo
421 2622 660 2671 quaeque
694 2618 971 2674 appareret.
1058 2610 1192 2659 Sunt
1231 2614 1405 2654 autem
1448 2602 1532 2658 illi
1563 2614 1570 2616 ’
