1676 3028
362 184 525 263 INST.
565 182 847 230 ORATOR..¹
876 181 998 229 Lm.
1022 180 1129 238 ΧΠ,
1170 194 1227 228 ι.»
1356 190 1454 237 505

113 303 188 364 <251⁷
204 305 363 377 iniqui
390 309 836 376 contemplatione
873 306 1216 366 manifestior,
1256 318 1308 357 et
1331 309 1456 375 plu-

60 442 66 444 ,
114 392 248 440 rima
286 390 560 438 contrariis
593 387 903 454 probantur.
962 386 1166 435 Debent
1190 402 1315 451 ergo
1342 403 1456 434 ora-

113 468 223 517 tori
255 465 326 514 sic
361 463 459 514 else
499 462 918 515 adversariorum
951 473 1075 512 nota
1106 461 1345 520 confilia‚
1394 474 1456 511 ut

114 542 352 594 hostium
383 542 706 607 imperatori.
787 542 984 590 Verum
1018 550 1069 588 et
1101 540 1265 598 illud,
1306 540 1454 604 quod

116 621 290 687 prima
331 618 694 687 propofitione
737 615 937 666 durum
981 616 1230 675 videtur,
1287 615 1456 682 potest

118 693 304 746 afferre
330 698 480 754 ratio,
520 706 581 746 ut
614 698 700 746 vir
725 693 928 744 bonus
915 712 972 743 m
1005 693 1311 743 defensione
1335 712 1460 742 cau-

116 771 199 828 sae
233 775 363 824 velit
392 772 602 823 auferre
634 771 940 836 aliquando
958 771 1123 831 iudici
1167 772 1456 821 veritatem.

118 850 281 919 Quod
309 849 352 899 fi
379 852 498 916 quis
520 867 548 898 a
580 866 664 898 me
691 851 925 915 proponi
947 849 1242 907 mirabitur,
1266 847 1458 916 (quan-

118 943 435 992 quam‘non
481 925 554 975 est
594 927 722 975 haec
767 943 882 974 mea
920 928 1134 992 proprie
1176 924 1459 985 sententia,

115 1001 206 1052 sed
243 990 476 1062 eoruni‚
513 1021 647 1069 quos
688 1019 816 1069 grav
818 1003 1006 1052 issirnos
1035 1002 1315 1070 sapientiae
1348 1019 1459 1051 ma-

29 1079 309 1147 10⁵4gistros
336 1090 473 1130 aetas
500 1091 655 1129 vetus
681 1079 943 1144 credidit)
984 1078 1056 1128 sic
1090 1080 1304 1141 judicet,
1344 1082 1458 1145 ple-

4 1166 9 1168 ’
118 1169 284 1223 taque
318 1154 442 1216 effe,
480 1173 620 1223 quae
647 1174 757 1206 non
792 1167 894 1204 tam
925 1155 1100 1214 factis,
1141 1173 1299 1221 quam
1335 1174 1462 1206 cau·

119 1233 205 1283 fis
203 1251 420 1292 eorum,
455 1235 542 1283 vel
563 1232 781 1282 honesta
801 1232 948 1291 fiant,
972 1234 1058 1283 vel
1084 1236 1272 1299 turpia.
1315 1237 1459 1283 Nam

121 1308 165 1358 sl
193 1309 441 1358 hominem
470 1311 709 1367 occidere,
746 1308 897 1374 saepe
926 1311 1116 1366 virtus,
1164 1309 1349 1360 liberos
1374 1325 1462 1359 ne-

122 1403 265 1445 care,
303 1403 695 1451 nonnunquam
718 1385 1139 1454 pulcherrimum
1176 1386 1272 1446 est3
1319 1386 1462 1454 aspe-

119 1464 263 1512 riora
309 1462 570 1528 quaedam
616 1462 790 1511 adhuc
835 1462 1007 1521 dictu,
1069 1462 1110 1510 si
1155 1465 1457 1514 communis

119 1539 322 1589 utilitas
353 1539 608 1604 exegerit,
648 1537 818 1587 facere
852 1538 1193 1589 conceditur:
1252 1557 1319 1589 ne
1359 1542 1463 1590 hoc

120 1615 340 1680 quidem
360 1615 572 1664 nudum
606 1614 678 1663 est
714 1615 1060 1675 intuendum,
1100 1618 1308 1682 qualem
1344 1634 1466 1667 cau-

121 1691 227 1746 sam
256 1695 342 1743 vir
365 1694 556 1751 bonus,
596 1691 686 1741 sed
710 1694 868 1743 etiam
890 1711 1068 1759 quare,
1106 1705 1157 1744 et
1187 1710 1291 1762 qua
1316 1713 1465 1747 men-

208 1869 274 1914 36.
293 1870 428 1916 judicii
443 1873 639 1908 veritatem
661 1870 911 1909 Tu1·ic.Flor.
928 1871 985 1922 fic
1002 1873 1169 1922 iudicent
1191 1874 1324 1910 Turic.
1357 1874 1462 1912 Flor.

123 1927 258 1964 Ambr.
294 1937 329 1963 2.
359 1927 486 1964 Guelf.
522 1941 552 1964 c.
586 1929 702 1965 Goth.
737 1929 841 1967 Voff.
872 1943 905 1964 1.
930 1939 965 1966 2.
988 1938 1025 1974 3.
1071 1943 1140 1966 nec
1169 1929 1348 1979 displicet
1368 1932 1463 1966 Bur-

123 1995 266 2019 manno
305 1983 357 2021 ob
396 1985 621 2021 antecedens
644 1985 682 2035 si
709 1988 802 2035 quis.
860 1987 945 2034 Ego
976 1999 1106 2022 errore
1136 1998 1268 2023 natum
1297 1987 1463 2038 suspicor

126 2052 262 2076 eorum
275 2066 286 2080 ,
317 2040 387 2089 qui
405 2040 482 2077 hoc
503 2054 591 2077 cum
614 2042 846 2091 gravissimis
866 2041 948 2078 iltis
968 2042 1165 2080 struerent.

213 2125 278 2161 57.
310 2118 431 2167 pulch.
453 2117 523 2168 effe
547 2121 679 2156 Turic.
704 2120 836 2170 Camp.
896 2122 1040 2170 quidem
1063 2137 1172 2158 unum
1193 2137 1301 2172 quam
1322 2122 1465 2158 intelle·

127 2174 288 2222 gendum
305 2175 449 2223 qualem
470 2176 600 2213 Turic.
625 2177 728 2213 Flor.
762 2191 794 2215 c.
825 2177 927 2214 Alm.
953 2192 986 2227 q.
1012 2180 1174 2215 nondun
1199 2194 1227 2215 e.
1268 2193 1338 2228 .q
1362 2179 1460 2218 Jens.

128 2230 244 2266 Tam
273 2231 446 2266 intuenda
427 2245 485 2267 um
506 2246 583 2268 om.
610 2235 713 2273 Voss'.
741 2249 775 2271 ι.
805 2244 843 2280 5
895 2235 1076 2286 Suspicor
1098 2247 1288 2286 erecepta
1308 2249 1468 2287 unquam

130 2285 310 2322 excidiffe
331 2286 415 2336 post
436 2289 586 2325 nudam.

185 2444 253 2490 56.
284 2443 430 2492 auferre
440 2448 620 2493 —judici
635 2452 769 2487 verita·
832 2456 897 2494 14.
919 2460 1016 2487 extr.
1041 2450 1088 2487 ef.
1106 2450 1230 2487 noster
1251 2459 1298 2492 2,
1329 2461 1391 2495 17,
1415 2450 1467 2487 26

130 2509 212 2536 tem.
249 2502 297 2538 cf·
327 2508 363 2545 4,
387 2510 423 2546 5,
445 2503 480 2540 6.
522 2518 650 2554 „quoa
685 2519 769 2555 gra·
827 2507 938 2555 seqq-j

129 2558 398 2599 „viffimos—
419 2570 517 2597 aetas
547 2572 659 2598 vetus
691 2575 770 2599 cre·
885 2571 951 2607 57.
1012 2562 1196 2601 hominem
1241 2565 1470 2601 occidere—

130 2613 295 2655 „didit”
343 2614 447 2651 inter
477 2631 542 2654 eos
573 2619 771 2668 imprimis
827 2634 966 2656 necare.
999 2622 1064 2670 Sp.
1086 2621 1247 2662 Ahalae,
1280 2621 1472 2670 Scipionis

133 2670 339 2706 censendus
379 2672 537 2709 videtur
570 2676 770 2712 Panaetius
827 2676 998 2719 Naficae,
1029 2678 1155 2720 Bruti,
1181 2678 1322 2714 Manlii
1345 2690 1472 2714 exem·

133 2737 182 2762 ex
207 2725 298 2763 loco
333 2727 534 2768 Ciceronis
563 2731 610 2768 de
631 2732 710 2770 Off.
733 2743 772 2774 2,
830 2731 895 2783 pla
915 2735 1046 2771 animo
1067 2734 1328 2773 obversantur.
