1676 3028
283 239 376 285 273
596 228 669 275 M.
700 227 832 273 ΕΑΒ.
866 228 1272 288 QUINTILIANI

286 350 493 399 accusat.
580 352 641 399 Id.
679 348 944 414 quomodo
987 349 1227 400 decenter
1265 351 1386 401 fieri
1427 351 1596 418 possit,

230 469 240 478 x
286 426 530 491 equidem
562 443 673 474 non
699 425 941 481 invenio,
979 423 1078 472 nisi
1104 427 1305 491 aliquid
1325 429 1598 492 reperitur,
1659 438 1661 446 ’

291 1739 449 1772 exierat.
475 1736 521 1771 cf.
546 1735 740 1771 Drakenb.
763 1737 809 1770 ad
831 1738 918 1771 Liv.
933 1742 1058 1778 2,*10,
1090 1752 1150 1775 10.

287 501 434 565 quod
458 499 670 556 intersit,
705 495 945 570 persona,
981 510 1138 556 aetas,
1177 511 1397 564 tempus,
1427 498 1598 572 causa,

289 578 438 632 locus,
474 579 681 628 (mimus,
757 576 967 623 Tubero
989 579 1236 634 juvenem
1257 574 1307 623 se
1327 578 1459 640 patri
1480 577 1600 624 hae-

288 649 424 706 siffe,
467 650 622 699 illum
653 668 679 697 a
710 649 887 698 senatu
916 647 1120 700 miffum
1151 669 1261 700 non
1291 652 1356 699 ad.
1385 652 1602 709 bellum,

289 724 377 772 secl
396 724 460 772 ad
481 723 810 774 frumentum
831 725 1175 775 coemendum
1199 728 1283 784 ait,
1295 738 1357 775 ut
1372 727 1604 792 primum

290 801 513 857 licuerit,
534 819 561 848 a
582 801 810 864 partibus
836 799 1106 849 receffiss'ez,
1129 802 1396 866 Ligarium
1420 811 1470 850 et
1489 818 1606 867 per-

291 873 547 932 severaffe,
568 886 618 922 et
635 893 743 924 non
766 893 862 941 pro
884 877 976 925 Cn.
1002 878 1268 941 Pompeio,
1290 879 1427 925 inter
1447 893 1604 941 quem

292 961 344 998 et
377 949 640 999 Caesarem
680 950 1138 1015 dignitatis'fuerit
1167 954 1448 1009 contenti0‚
1487 969 1607 1000 curn

291 1023 479 1073 salvam
513 1036 735 1089 uterque
763 1027 1137 1090 rempublicam
1172 1028 1351 1084 vellet,
1389 1025 1477 1074 sed.
1506 1044 1604 1091 pro
1666 1038 1668 1043 ’

293 1101 420 1155 Juba
437 1111 590 1165 atque
611 1099 749 1152 Afris
767 1100 1118 1150 inimiciffimis
1142 1103 1344 1168 populo
1364 1105 1605 1152 Romano
1672 1125 1676 1140 ·

301 1278 336 1304 ι,
361 1271 421 1307 ¹5·

296 1322 466 1368 quoniam
490 1320 683 1359 docenter-3
711 1321 816 1366 prius
841 1331 875 1354 et
894 1322 984 1356 Exc.
1005 1323 1152 1355 Santen.
1181 1320 1339 1367 Reliqui
1359 1334 1466 1369 quam
1484 1321 1609 1355 ‹lecen-

297 1384 360 1409 ιον.
589 1377 775 1423 reperitur.
815 1375 875 1410 Sic
907 1377 1038 1410 Tui-ic.
1067 1375 1168 1410 Flor.
1201 1373 1326 1411 Guelf.
1361 1376 1491 1424 Camp.
1522 1389 1610 1411 cum

295 1429 412 1463 Goth.
445 1430 547 1466 Voss‘.
572 1441 605 1464 2.
636 1432 831 1478 reperietur
862 1432 956 1468 Jens.
988 1432 1100 1466 Tarv.
1136 1431 1332 1479 iidemque
1353 1431 1471 1466 modo
1497 1430 1612 1466 aliud·

297 1484 434 1519 Malim
457 1484 521 1519 hic
543 1483 670 1533 nisisi.
698 1484 743 1520 cf.
772 1485 807 1524 6,
826 1497 857 1524 1,
879 1493 943 1528 54.
960 1522 971 1529 ,

382 1578 446 1615 80.
477 1574 542 1610 ait,
574 1580 614 1605 ut
638 1573 806 1619 primum.
845 1572 974 1607 Turio.
1006 1572 1097 1617 (hic
1122 1584 1159 1609 et
1179 1574 1335 1620 rimam)
1364 1571 1466 1609 flor.
1487 1573 1612 1609 Guelf-

297 1626 414 1662 Goth.
443 1629 539 1670 (tae.
571 1627 704 1669 Gesn.)
730 1627 856 1674 Camp.
885 1637 948 1662 aut
967 1638 1005 1662 ut
1026 1643 1063 1675 p.
1098 1629 1220 1664 Modo
1242 1627 1349 1678 oxiffe
1370 1642 1440 1676 pro
1465 1627 1613 1677 haeszffe

299 1681 424 1718 Guelf.
451 1683 543 1716 Exc.
571 1683 718 1716 Santen.
752 1692 792 1715 ut
829 1683 925 1716 infra
956 1684 1084 1730 Camp.
1122 1698 1194 1724 11,
1225 1695 1263 1725 2,
1298 1697 1358 1721 ιι.
1380 1683 1520 1732 heserat
1540 1697 1611 1731 pro

300 1791 428 1839 Camp.
451 1791 559 1827 Leid.
578 1791 660 1837 (liic
683 1791 837 1839 quidem
855 1792 1010 1828 videtur
1031 1806 1139 1829 mero
1166 1793 1388 1843 sphalmate)
1406 1739 1614 1841 pKZ-iziz?-

359 1941 423 1979 30.
468 1935 608 1970 Tubero
629 1954 682 1962 -—
709 1937 773 1971 ait.
825 1937 928 1982 Quae

301 1990 367 2026 hic
388 1991 570 2025 causatum
583 1991 827 2025 Tuberonem
841 2004 929 2038 pro-

303 2046 361 2080 dit
380 2046 516 2083 noster,
537 2059 583 2081 ex
597 2047 676 2092 ejus
696 2059 790 2092 quae
812 2047 929 2080 inter-

303 2101 398 2135 cidit
435 2102 606 2135 oratione
645 2101 807 2135 desumta
852 2114 930 2136 non

986 1937 1020 1972 se
1052 1936 1270 1976 contuliss‘e,
1311 1950 1342 1973 c.
1374 1945 1411 1983 8.
1445 1950 1481 1986 9.
1544 1938 1616 1973 Sed

985 1992 1133 2027 fortasse
1145 1993 1250 2027 vieto
1265 1993 1419 2028 demum
1431 1994 1616 2042 Pompeio
1657 2001 1665 2009 ‘

986 2047 1098 2083 licuit
1126 2048 1301 2083 recedere
1329 2049 1374 2084 ab
1400 2044 1480 2095 esus
1500 2049 1617 2096 parti·
1663 2050 1666 2054 ’

986 2103 1069 2138 bus.
1110 2101 1213 2136 Illud
1236 2115 1390 2150 quoque
1417 2103 1615 2151 discrepat,

649 1264 828 1314 quomodo
850 1265 1023 1300 (lecenter.
1055 1265 1116 1300 Sic
1129 1264 1223 1301 Obr.
1255 1265 1329 1300 Sed
1344 1265 1608 1301 Turic.Guelf.
1665 1254 1669 1261 ¹

304 2155 443 2192 debent
462 2155 619 2203 negligi,
645 2156 704 2190 sed
727 2155 931 2204 diligenter

304 2211 517 2258 comparari
547 2224 633 2245 cum
670 2211 930 2247 Ciceronianis

303 2266 345 2300 in
361 2266 477 2313 ipsius
488 2266 699 2314 Ligariana.
730 2267 811 2301 Nec
824 2279 931 2313 pror·

303 2321 362 2356 sus
384 2332 547 2368 apparet,
581 2321 777 2368 quomodo
799 2333 932 2370 potue-

303 2376 358 2410 rit
383 2386 529 2423 patrem
562 2377 669 2410 fuum
692 2376 846 2416 Tubero
877 2376 933 2410 di-

306 2442 400 2469 cere,
425 2441 462 2464 ut
479 2433 635 2477 primum
647 2431 798 2471 licuerit,
818 2446 839 2465 α
851 2446 954 2478 par--

306 2486 401 2521 tibus
431 2486 670 2533 Pompeianis
693 2484 874 2534 reccffffe,
909 2487 935 2520 [i

303 2553 394 2575 vere
421 2551 547 2574 narrat
577 2541 733 2580 Cicero,
772 2541 934 2575 eundem

304 2595 430 2630 Africa
443 2595 685 2642 prohibitum
697 2608 765 2630 nec
776 2595 933 2630 domum

304 2650 460 2688 veniffe,
485 2662 554 2684 nec
574 2649 620 2684 ad
632 2650 841 2691 Caesarem3
876 2652 931 2686 [ed

306 2705 353 2741 ad
371 2706 601 2754 Pompejum
615 2705 658 2742 in
677 2706 939 2743 Macedoniam

990 2158 1096 2205 quod
1135 2156 1237 2192 filius
1271 2158 1424 2194 Tubero
1471 2168 1617 2207 patrem

988 2212 1140 2247 nonnisi
1175 2213 1221 2247 ad
1256 2213 1492 2250 frumentum
1533 2219 1617 2248 coe·-
1671 2219 1674 2222 '

988 2268 1170 2302 mendum
1202 2268 1244 2303 in
1276 2267 1439 2304 Africam
1466 2269 1619 2304 miffum

990 2323 1043 2358 ait
1073 2335 1092 2356 a
1119 2323 1265 2364 senatu,
1297 2324 1432 2360 Cicero
1461 2323 1620 2371 reliqui·
1671 2346 1676 2353 ι

992 2391 1065 2427 que
1098 2375 1295 2426 script'ores
1327 2392 1407 2414 eam
1429 2379 1501 2427 ipsi
1530 2391 1619 2427 pro·
1662 2371 1668 2386 ‹

991 2433 1157 2468 vinciam
1192 2433 1335 2468 senatus
1373 2432 1544 2469 consulto
1583 2445 1620 2470 et

990 2488 1086 2524 sorte
1100 2488 1272 2535 obtigiss'e
1290 2489 1470 2536 produnt.
1493 2489 1539 2525 cf.
1555 2501 1616 2530 ιο,

996 2555 1029 2583 1,
1059 2552 1120 2585 23.

1048 2601 1141 2632 incer
1191 2611 1294 2647 quem
1328 2617 1384 2626 -—
1421 2601 1615 2636 contentio.

992 2651 1177 2688 Similiter
1208 2662 1241 2695 4,
1263 2654 1311 2693 ’2,
1340 2662 1399 2697 13.
1436 2655 1482 2690 de
1511 2654 1619 2691 laude

997 2710 1089 2744 inter
1113 2707 1208 2759 ipsos
1227 2717 1413 2749 certatum.
