1676 3028
267 240 362 299 396
575 241 649 288 M.
680 243 812 288 FAB.
846 242 1252 302 QUINTILIANI

263 364 452 428 pinam.
532 363 746 413 Collum
773 362 972 411 diversa
1001 364 1213 427 quidem
1235 365 1323 416 sed
1343 370 1455 436 pari
1474 369 1564 419 de-

261 436 522 487 formitate
543 448 593 485 et
616 438 936 490 contrahitur
956 449 1006 486 et
1024 439 1279 490 tenditur:
1312 442 1400 492 sed
1419 445 1561 495 tenso

262 512 431 562 subest
452 523 503 560 et
528 512 700 570 labor,
739 522 1086 578 tenuaturque
1108 531 1214 563 vox
1234 533 1289 563 ac
1310 517 1562 584 fatigatur.

184 653 187 656 K
262 585 486 636 Affixum
524 588 723 651 pectori
764 600 1003 642 mentum
1041 590 1218 653 minus¹
1254 592 1466 652 claram,
1513 606 1654 650 et1027

185 664 238 708 85
261 661 404 726 quali
424 663 661 710 latiorem
679 661 840 727 press'o
863 675 1072 728 gutture
1095 662 1228 714 facit.
1306 671 1564 720 Humero-

258 754 380 786 rum
394 753 509 784 raro
531 736 716 786 decens
737 739 976 788 allevatio
997 750 1149 804 atque
1175 745 1456 792 contractio
1476 743 1561 794 est.

257 813 528 861 Breviatur
556 814 697 860 enim
738 815 936 872 cervix,
987 825 1037 862 et
1072 814 1271 879 gestum
1302 817 1563 881 quendam

256 887 516 936 humilem
547 898 700 953 atque
733 887 986 946 servilem,
1022 900 1073 937 et
1096 889 1240 954 quasi
1258 890 1564 942 fraudulen-

212 998 224 1008 .
256 972 372 1011 tum
390 961 526 1020 facit,
564 979 688 1012 cum
707 962 756 1011 se
778 966 835 1012 in
856 965 1091 1012 habitum
1115 965 1440 1025 adulationis,
1475 968 1564 1016 ad-

181 1053 234 1092 84
253 1040 560 1095 mirationis,
598 1049 766 1087 metus
789 1039 1013 1104 fingunt.
1075 1040 1278 1090 Brachji
1297 1042 1562 1091 moderata

251 1115 504 1180 projectio
533 1111 747 1163 remiffis
775 1115 1035 1174 humeris,
1074 1125 1228 1180 atque
1259 1117 1559 1182 explicanti-

249 1264 289 1298 ἱη
307 1274 390 1299 ante
412 1265 493 1299 coll.
519 1265 649 1312 Camp.
675 1263 826 1298 trahitur
846 1265 974 1301 Turio.
996 1263 1098 1300 Flor.
1123 1273 1160 1300 et
1181 1264 1280 1314 tenso
1299 1265 1442 1307 iidem;
1462 1265 1559 1301 item

247 1318 385 1354 labore.
414 1320 517 1355 Flor.
540 1322 656 1354 minas
675 1320 819 1354 clarum.

334 1381 398 1418 83.
428 1388 509 1410 raro
531 1375 666 1410 decens.
694 1375 824 1410 Turio.
845 1375 946 1411 Flor.
963 1375 1132 1412 inserunt
1154 1385 1200 1411 et.
1226 1373 1360 1425 Camli.
1378 1378 1461 1412 rein-'a
1473 1384 1508 1412 et
1518 1375 1554 1411 d.

247 1429 380 1465 Tui-ic.
403 1431 520 1466 adlez‘.
539 1430 645 1467 Flor.
669 1433 919 1467 contractatio.
950 1432 1070 1474 Goth„
1090 1433 1346 1472 contradictio,
1369 1432 1438 1479 qui
1459 1441 1497 1467 et
1515 1444 1559 1466 ac

245 1496 318 1532 pro
336 1494 443 1534 atque
464 1486 870 1530 (tac-Gesn.).Tu1-ic.
892 1484 992 1521 Flor.
1020 1486 1207 1533 breviatuf.
1227 1487 1357 1534 Camp.
1378 1487 1553 1521 breviata.

245 1539 348 1576 Vols.
372 1554 402 1576 1.
432 1542 574 1585 conjux.
606 1539 729 1575 Guelf.
751 1539 999 1586 fraudentum.
1027 1541 1157 1575 Locat.
1186 1541 1311 1575 habitu
1339 1553 1425 1576 cum
1455 1541 1553 1578 Ven.

242 1593 353 1630 Rufe.
389 1608 457 1630 nec
486 1595 646 1634 habitus,
675 1605 718 1629 ut
733 1606 840 1641 putat
859 1597 1000 1637 Burm„
1033 1595 1094 1629 sed
1114 1594 1323 1631 ablativum
1345 1606 1381 1631 et
1399 1595 1495 1642 legit
1516 1604 1553 1629 et

241 1647 480 1696 improbavit
508 1651 660 1685 Badius.
697 1650 951 1684 admirationis
991 1651 1175 1685 omittunt
1203 1651 1334 1687 Ambr.
1357 1661 1392 1686 2.
1423 1648 1550 1685 Guelf.

241 1715 333 1739 cum
363 1704 463 1742 Voss'.
493 1719 526 1740 1.
556 1715 591 1747 5.
632 1713 738 1739 nutus
764 1705 854 1740 Bad.
885 1718 933 1739 ex
959 1705 1046 1740 Ald.
1072 1705 1142 1740 ubi
1171 1706 1264 1741 meis
1293 1705 1413 1741 oculis
1440 1713 1552 1741 metus

241 1760 415 1806 agnosco,
443 1760 558 1807 paulo
581 1759 775 1795 obscurius
801 1770 924 1794 tamen
943 1761 1078 1794 inAld.
1104 1767 1218 1803 1514.
1242 1760 1550 1808 express'um,nec

239 1814 410 1850 abfimile
438 1816 530 1850 voci
560 1825 676 1850 nutus.
718 1814 821 1849 Male
849 1825 976 1850 autem
1007 1826 1045 1851 et
1073 1815 1148 1851 hoc
1179 1826 1216 1852 et
1238 1815 1351 1850 'aliud
1382 1822 1548 1865 quoque,

295 1953 360 1991 32.
392 1945 533 1995 diversa
562 1947 719 1996 quidem.
766 1947 867 1982 Cave

235 2001 334 2037 hanc
353 2001 596 2050 diversitatem
612 2002 748 2038 referri
759 2012 866 2049 putes

234 2058 283 2092 ad
321 2060 488 2093 cervicem
528 2071 621 2105 quae
660 2058 861 2105 praecedit.

231 2113 401 2149 Pertinet
419 2113 494 2162 hoc
517 2113 563 2147 ad
579 2106 737 2148 Alterum
749 2113 864 2160 ipsius

232 2169 321 2203 colli
339 2169 496 2204 vitium.

286 2221 452 2271 Affixum
504 2225 644 2272 pectori
688 2232 859 2259 mentum·

227 2276 345 2314 Nihil
380 2280 445 2314 hic
479 2280 636 2328 proprie
665 2280 710 2314 de
739 2286 858 2314 mento

227 2335 488 2383 praecipitur,
524 2334 587 2370 sed
618 2335 724 2383 prius
758 2332 859 2369 illud

227 2391 464 2436 contrahendi
495 2391 583 2425 colli
617 2390 760 2425 vitium
794 2402 857 2423 ex-

225 2445 408 2488 ponitur,
449 2445 555 2494 quod
585 2446 650 2487 fit,
693 2458 780 2482 cum
813 2445 856 2479 in

224 2506 355 2542 peetus
369 2501 590 2546 procumbit
607 2513 729 2551 caput.
761 2501 855 2535 Inde

226 2550 278 2585 est
307 2554 411 2600 quod
441 2555 553 2590 latior
584 2571 678 2604 quae
707 2558 783 2603 J'am
807 2556 855 2591 fit

223 2615 305 2640 vox
332 2609 531 2655 respondet
558 2612 594 2646 ei
622 2625 716 2659 quae
733 2611 852 2646 modo

226 2673 305 2698 crat
333 2673 489 2699 tenuata.
542 2667 666 2713 Quare
695 2667 852 2701 hebetio-

223 2729 298 2753 rem
321 2730 394 2767 pro
426 2719 614 2762 latiorem,
642 2721 738 2773 *soli
771 2721 852 2758 Ob-

923 1947 1057 1987 rechti,
1069 1958 1113 1982 ut
1124 1945 1294 1995 suspicor,
1314 1946 1472 1994 ingenio
1485 1937 1554 1981 do·—

922 2003 1041 2038 bitam
1064 2003 1282 2050 scripturam
1299 2027 1309 2042 ,
1337 2003 1446 2050 plane
1468 2014 1548 2036 non
1590 2040 1597 2046 ¹

921 2058 1058 2106 probo.
1141 2058 1282 2091 Pseudo
1306 2077 1320 2084 -
1344 2057 1547 2093 Turnebus

922 2122 1107 2149 tenuatam
1129 2125 1265 2148 vocem
1284 2114 1423 2161 repetit
1441 2111 1546 2152 inde,

921 2170 1027 2217 quod
1058 2170 1219 2204 distento
1241 2167 1342 2204 collo
1371 2166 1546 2203 tendatur

891 2228 893 2232 ’
916 2225 1051 2259 arteria
1061 2234 1172 2272 atque
1192 2233 1389 2266 tenuetur;
1414 2223 1543 2270 itaque

914 2293 995 2317 vox
1017 2281 1061 2315 [it
1088 2277 1250 2318 exilior3
1282 2289 1424 2321 contra,
1452 2289 1542 2312 cum

916 2334 1134 2371 detrahatur
1156 2333 1200 2368 de
1221 2333 1465 2381 longitudine
1482 2344 1541 2369 ar·

914 2391 1050 2431 neriae,
1099 2387 1253 2425 eandem
1291 2399 1414 2424 tamen
1449 2384 1540 2421 fieri

911 2446 1145 2491 lati01·em,et
1161 2443 1211 2478 [ic
1230 2444 1445 2492 graviorem
1467 2452 1537 2476 vo·

911 2515 992 2537 cem
1014 2511 1221 2548 erumpere.
1279 2500 1390 2534 Recte
1407 2493 1488 2534 ille,
1507 2493 1538 2530 [i

911 2557 1004 2605 quid
1023 2556 1152 2591 video.

965 2618 1030 2654 83.
1060 2604 1419 2657 cumse—fingunt.
1449 2605 1532 2640 Ma-

907 2665 978 2701 lim
1004 2677 1074 2713 quo
1103 2676 1190 2711 prae
1221 2675 1319 2702 cum,
1348 2661 1432 2695 satis
1451 2658 1532 2695 leui
1605 2693 1607 2701 ,

908 2719 1183 2756 emendatione.
1208 2716 1254 2753 cf.
1271 2727 1308 2759 2,
1334 2724 1398 2760 15.
1415 2714 1452 2751 6.
1470 2757 1478 2765 .
