1676 3028
322 195 498 244 INST.
521 191 799 249 ORATOR.
835 190 958 237 LIB.
990 190 1088 242 XI,
1124 204 1169 238 1.
1282 239 1291 246 ,
1319 202 1415 247 231

81 327 245 386 dicet:
286 325 376 374 vel
396 321 543 390 quod
563 321 805 371 omnium
827 317 891 368 [it
911 329 1102 369 votum
1120 329 1418 384 parentum,

80 414 144 455 ut
172 400 524 458 honestiores,
572 415 730 465 quam
767 396 870 447 fint
911 395 1037 463 ipfi,
1086 397 1284 447 liberos
1325 396 1419 445 ha-

31 514 34 516 ·
79 482 239 532 beant
269 483 420 546 (nam
450 489 503 527 et
529 476 645 526 filia
675 486 809 535 nata,
844 475 1095 527 meretrix
1115 491 1232 524 eam
1254 483 1422 524 mater

79 557 334 627 pudicam
364 555 462 606 effe
492 551 800 623 volujffet)‚
830 554 945 603 aevel
975 552 1126 619 quod
1149 552 1422 602 humilior

80 635 194 704 ipse
221 633 386 685 fuerit
418 634 568 702 (licet
598 633 741 683 enim
767 632 872 682 hoc
891 630 1115 697 dicere),
1157 632 1246 681 vel
1271 628 1424 694 quod

81 731 196 764 non
225 713 470 763 habuerit
502 722 726 778 patrem,
764 711 860 776 qui
888 719 1159 759 moneret:
1200 708 1335 774 quin
1358 724 1423 757 eo
1445 713 1498 753 83

28 778 39 790 ⁸
83 792 265 841 minus
286 790 345 839 id
367 789 674 853 faciendum
698 786 817 838 filio
837 783 1016 845 fuiffe,
1054 803 1123 836 ne
1146 794 1429 835 renovaret

84 868 281 917 domus
311 867 578 934 pudorem
606 876 658 914 et
682 865 1020 932 exprobraret
1039 865 1177 931 patri
1196 864 1429 930 nuptiaS,

82 947 241 994 matri
273 946 466 1010 prioris
497 946 638 993 vitae
669 941 1038 992 neceffitatem:
1099 958 1168 991 ne
1195 940 1431 1006 denique
1484 939 1490 943 ’

82 1023 254 1093 legem
285 1021 552 1087 quandam
582 1018 688 1069 suis
717 1036 936 1086 quoque
975 1017 1202 1068 subinde
1245 1018 1430 1066 liberis

40 1146 47 1150 ,
83 1099 245 1148 daret.
327 1099 611 1150 Credibilis
630 1098 732 1146 erit
753 1098 913 1146 etiam
933 1096 1151 1163 propria
1171 1095 1445 1161 quaedam.

82 1178 142 1226 in
173 1178 266 1225 illa
296 1179 570 1226 meretrice
608 1173 920 1242 turpitudo,
974 1190 1135 1239 quam
1164 1190 1310 1223 nunc
1342 1172 1432 1220 hic

43 1306 46 1309 ,
83 1265 231 1321 pater
252 1252 391 1303 ferre
414 1272 528 1305 non
546 1251 708 1322 poffit.
760 1253 877 1316 Alia
899 1260 1184 1318 praetereo.
1238 1251 1434 1316 Neque

86 1398 148 1434 Ab
178 1396 278 1437 Alm.
304 1398 460 1434 nonnisi
481 1412 575 1448 quae
604 1398 725 1434 abesse
745 1407 936 1433 narratur.
1170 1404 1207 1431 et
1219 1394 1324 1446 filia.
1354 1395 1434 1431 Tu-

86 1454 157 1490 ric.
188 1454 292 1490 Flor.
314 1455 440 1491 GueIf.
464 1457 562 1491 Exc.
586 1457 738 1490 samen.
759 1454 932 1490 inserunt
947 1451 986 1502 si
1008 1465 1098 1489 cum
1119 1452 1238 1488 Goth.
1262 1451 1367 1488 Voss‘.
1393 1462 1434 1489 2.

86 1510 188 1547 Van.
222 1511 285 1555 (de
306 1511 382 1546 hoc
404 1511 593 1559 prodente
617 1513 752 1549 Burm.
776 1510 877 1558 apud
899 1510 993 1544 Bad.
1013 1522 1095 1546 non
1114 1509 1305 1558 reperio).
1336 1516 1371 1543 ec
1396 1506 1435 1556 si

84 1564 135 1613 sit
158 1568 303 1616 absque
326 1565 418 1615 filia
439 1569 570 1615 Camp.
848 1565 978 1602 dicere.
1003 1565 1108 1602 Flor.
1133 1562 1172 1618 (a
1190 1579 1250 1614 pr.
1274 1567 1345 1609 m.)
1369 1565 1436 1599 du-

87 1638 176 1660 cere.
206 1623 370 1660 Fortasse
391 1624 589 1660 robustior
609 1623 794 1659 sententia
812 1623 855 1658 in
875 1623 966 1664 hoc,
989 1623 1017 1658 [ἱ.
1037 1622 1199 1658 scribas:
1231 1623 1316 1656 licet
1339 1623 1437 1656 enim

84 1679 168 1716 huie
186 1681 232 1723 (i.
253 1681 335 1727 ejus
353 1681 593 1717 conditionis
619 1680 794 1727 homini)
815 1681 946 1715 ducere
966 1679 992 1716 i.
1014 1679 1274 1715 meretricem.
1306 1679 1436 1726 Quan-

86 1750 203 1786 quam
221 1737 286 1774 vel
302 1738 356 1773 sic
374 1738 508 1774 malis:
543 1737 689 1778 licebat,
718 1736 783 1773 vel
802 1737 928 1776 licuit,
959 1736 1068 1785 quod
1085 1749 1274 1785 reponere
1294 1735 1437 1771 intem-

84 1795 283 1843 perantius
305 1795 386 1830 sane
406 1795 537 1830 fuerit.
578 1797 744 1842 Recepta
767 1806 907 1842 parum
920 1792 1051 1841 explet
1067 1793 1255 1828 animum.
1288 1795 1349 1829 An
1361 1793 1439 1828 hoc
1466 1796 1469 1798 ’

85 1850 263 1891 volebat,
294 1848 409 1899 xpoll‘e
431 1850 601 1899 aliquem
638 1849 902 1885 humilitatem
939 1850 1023 1885 suae
1043 1843 1284 1885 conditionis
1312 1849 1439 1898 pristi-

86 1920 173 1942 nam
205 1907 299 1942 citra
328 1907 607 1944 contumeliam
646 1907 751 1942 [uam
782 1918 1089 1942 commemorare
1103 1903 1124 1940 ’ἶ
1171 1904 1245 1941 Sed
1277 1918 1358 1941 non
1391 1903 1441 1939 est

90 1963 280 2000 elocutus.

178 2061 243 2099 83.
276 2055 327 2090 id.
357 2055 420 2090 Sic
442 2055 576 2091 Turio.
598 2054 704 2091 Flor.
730 2055 864 2103 Camp.
885 2067 974 2090 cum
997 2051 1330 2090 Bodl.Alm.Ald.
1344 2050 1442 2088 Obr.

91 2109 251 2158 Reliqui
269 2111 466 2147 omittunt.
682 2110 856 2160 subinde.
887 2111 1021 2146 Turic.
1047 2110 1144 2160 sum.
1173 2111 1235 2144 Ex
1259 2107 1358 2143 Alm.
1377 2106 1444 2156 su‘.

93 2166 221 2202 Guelf.
252 2168 347 2203 Exc.
369 2169 520 2202 Santen.
535 2165 632 2216 sine.
681 2171 743 2204 An
763 2168 863 2203 forte
890 2179 926 2203 et
944 2160 1010 2202 hic
1026 2167 1097 2216 sub
1121 2168 1218 2202 diem
1239 2176 1330 2206 erat,
1354 2175 1397 2199 ut
1419 2170 1442 2208 8

93 2225 182 2259 Pro.
198 2221 280 2270 29?
309 2238 382 2272 qua
404 2224 587 2259 sententia
609 2225 658 2260 est
682 2227 719 2259 in
743 2225 839 2259 diem
862 2225 960 2272 apud
985 2225 1065 2260 Cic.
1079 2237 1152 2272 pro
1166 2222 1305 2259 Coelio
1330 2235 1360 2257 c.
1379 2227 1442 2263 24.

96 2280 330 2329 „praesentis
352 2280 497 2316 fraudis
519 2293 663 2328 poenas
685 2283 722 2315 in
743 2281 842 2315 diem
863 2281 1104 2317 1·e[ervatis.“
1134 2281 1209 2315 Sed
1230 2279 1355 2327 ipsum
1375 2289 1446 2312 no-

96 2337 215 2373 strum
237 2335 443 2385 aliquoties
468 2337 518 2372 est
537 2350 610 2385 pro
633 2338 778 2378 deinde,
793 2351 894 2375 mox.
1129 2337 1246 2371 daret.
1283 2333 1447 2370 Credibi-

97 2393 155 2428 lis.
188 2393 252 2428 Sic
273 2394 405 2430 Turic.
428 2392 533 2431 flor.
556 2395 798 2442 (quanquam
817 2394 884 2429 hic
905 2394 1022 2429 etiam
1042 2393 1246 2438 credibile).
1286 2389 1448 2438 Reliqui

45 2492 55 2496 p
95 2449 270 2506 inserunt
289 2459 338 2486 et.
569 2459 774 2500 praetereo.
797 2451 929 2488 Turio.
955 2450 1084 2488 Guelf.
1100 2451 1233 2498 Camp.
1254 2457 1449 2499 praeterea

100 2575 256 2610 duxerit.
291 2576 383 2612 vide
416 2586 451 2620 7,
485 2582 522 2621 4,
551 2585 616 2612 20.
644 2576 744 2613 ibid.
857 2591 952 2612 nunc
985 2594 1043 2604 —
1078 2573 1182 2622 ferre
1213 2587 1289 2610 non
1324 2569 1448 2622 poffit.

105 2644 171 2667 Π·
802 2633 1010 2681 Postquam
1048 2645 1095 2668 ex
1124 2631 1192 2667 illa
1223 2629 1449 2666 hnmilitate

126 2710 138 2718 -
157 2687 242 2722 licet
261 2708 315 2716 —
336 2689 464 2726 dicere.
490 2689 537 2726 cf.
557 2701 640 2726 not.
662 2692 748 2726 crit.
807 2690 853 2724 ad
883 2690 1170 2740 prosperiorem
1198 2689 1257 2724 rei
1287 2685 1451 2723 familia·

160 2747 227 2789 83.
247 2744 418 2794 subinde.
452 2746 499 2784 cf.
520 2757 602 2784 not.
625 2747 708 2783 crit.
805 2747 860 2781 ris
880 2747 1015 2784 statum
1035 2746 1246 2783 emerserat.
