1630 3048
300 222 467 270 ms‘r.
499 221 799 270 emron.
843 222 967 269 Lm.
1011 222 1084 279 x,
1128 232 1170 266 1.
1344 221 1409 278 65

52 349 281 403 dixerim
305 351 511 408 utilior,
550 351 716 415 magis
740 365 848 415 par.
906 350 1004 399 His
1030 358 1191 397 aetate
1215 345 1410 420 Lysias
1431 367 1484 406 78

50 431 246 491 major,
308 425 514 478 subtilis
548 437 704 493 atque
734 427 970 493 elegans,
1019 436 1071 474 et
1105 443 1215 491 quo
1249 426 1408 487 nihil,

51 504 90 555 fi
112 507 311 556 oratori
331 504 449 554 satis
475 502 596 553 ell'et
617 504 823 562 docere,
848 520 1068 569 quaeras
1089 500 1404 568 perfectius:

49 582 191 633 nihil
223 583 368 631 enim
405 580 479 630 est
513 582 696 640 inane,
731 581 872 629 nihil
904 578 1223 639 arceffitum;
1264 598 1406 646 puro

50 670 228 709 tamen
265 658 436 717 fonti,
493 675 654 723 quam
691 675 884 723 magno
915 656 1132 708 flumini
1165 660 1403 723 propior.

51 732 312 808 ¹{socratem
339 737 398 784 in
431 733 640 785 diverso
676 751 868 802 genere
892 735 1107 784 dicendi
1125 734 1330 784 nitidus
1355 746 1408 784 et
1427 754 1480 794 ⁷9

51 823 284 871 temtus,
313 850 316 853 -
344 822 396 861 et
431 811 741 878 palaestrae,
792 829 952 878 quam
995 814 1408 878 pugnaeimagis

50 887 474 939 accommodatus
490 926 505 946 ,
547 904 732 940 omnes
758 888 975 938 dicendi
999 892 1226 938 Veneres
1248 887 1410 938 secta-

49 976 136 1015 tus
174 963 271 1024 est;
336 981 434 1014 nec
482 965 782 1014 immerito:
845 965 1126 1015 auditoriis
1160 967 1306 1014 enim
1337 965 1407 1025 se,

47 1058 161 1092 non
183 1040 398 1102 iudiciis
418 1052 771 1107 compararat:
801 1042 861 1090 in
882 1044 1198 1091 inventione
1219 1041 1407 1102 facilis,

46 1117 257 1168 honesti
295 1116 586 1175 studiosus:
623 1119 682 1167 in
715 1118 1100 1185 compofitione
1122 1118 1255 1168 adeo
1283 1119 1408 1168 dili-

47 1192 200 1261 gens,
258 1205 319 1245 ut
359 1212 485 1245 cura
528 1199 641 1257 ejus
682 1195 1117 1261 reprehendatur.
1208 1197 1405 1262 Neque
1426 1213 1479 1254 80

47 1288 148 1339 ego
176 1273 236 1322 in
267 1272 380 1331 his,
421 1272 490 1321 de
519 1273 715 1338 quibus
747 1273 959 1323 locutus
983 1273 1125 1332 sum,
1157 1271 1251 1322 has
1271 1272 1406 1325 solas

47 1351 288 1408 virtutes,
325 1347 413 1398 sed
441 1349 533 1398 has
558 1350 862 1416 praecipuas
883 1361 1045 1416 puto:
1086 1365 1185 1398 nec
1205 1361 1405 1402 ceteros

19 1471 21 1474 .
46 1440 238 1493 parum
270 1423 424 1475 fuiss'e
459 1442 696 1492 magnos,
773 1427 921 1496 Quin
954 1425 1406 1491 etiam‘Phalerea

105 1598 172 1638 78.
221 1589 323 1642 effet.
395 1590 528 1628 Turio.
583 1590 715 1639 Camp.
767 1585 830 1639 est.
889 1586 1051 1638 Reliqui
1079 1587 1148 1641 fit-
1215 1591 1403 1629 Nostrum

47 1661 70 1687 ο
89 1649 335 1696 conjectura:
367 1647 413 1684 ef.
443 1662 459 1684 ι
476 1673 488 1689 .
510 1654 548 1692 8,
576 1654 612 1691 5.

71 1768 73 1770 .
133 1749 200 1787 79.
234 1739 272 1773 ἰη
292 1736 448 1788 diverso.
508 1737 642 1773 Turic.
664 1735 770 1773 Flor.
800 1738 817 1782 (
829 1735 896 1772 hic
918 1750 938 1772 a
957 1749 1015 1785 pr.
1037 1737 1120 1781 m.)
1146 1737 1269 1782 judici
1288 1739 1402 1788 verso.

134 1795 343 1833 auditoriis.
402 1795 537 1831 Turic.
558 1792 663 1829 Flor.
685 1791 773 1840 (hic
793 1807 813 1829 a
833 1806 891 1843 pr.
914 1795 986 1836 m.)
1017 1792 1209 1829 audituris.
1272 1795 1401 1833 Guelf.

46 1851 302 1900 Auditoribus.
335 1852 440 1890 Voss‘.
473 1859 511 1895 3.
543 1851 740 1886 auditoris.
876 1848 944 1900 se,
976 1863 1064 1886 non.
1124 1850 1258 1888 Turio.
1284 1854 1401 1889 venit.

46 1909 152 1947 Flor.
174 1920 329 1950 venum,
362 1921 382 1944 ι
401 1908 469 1944 sec.
491 1920 543 1943 m.
568 1905 627 1942 nil
645 1906 716 1942 nifi
736 1919 824 1944 non.
1042 1905 1205 1951 judiciis.
1265 1908 1402 1946 Turio.

45 1964 150 2002 Flor.
181 1962 277 2009 (hic
306 1977 326 1999 a
365 1977 423 2014 pr.
454 1965 538 2008 m.)
565 1963 713 2009 judicis.
945 1972 1196 2010 compararat.
1266 1964 1402 2001 Turio.

45 2021 151 2059 nor.
173 2018 299 2057 Guelf.
322 2021 456 2069 Camp.
478 2028 672 2069 comparat
694 2031 782 2055 cum
805 2016 925 2055 Goth.
947 2018 1054 2056 Voss‘.
1080 2029 1117 2055 2.
1151 2029 1188 2055 et
1207 2019 1293 2056 edd.
1314 2030 1403 2057 ante

45 2077 136 2115 ΔΜ.
163 2077 275 2124 (exc.
296 2077 392 2114 Loc.
412 2076 542 2125 Ven.)
570 2088 645 2112 acc.
667 2075 781 2113 Leid.
805 2075 910 2112 Gibs.
933 2073 1031 2111 Obr.

135 2173 201 2213 80.
230 2166 370 2202 locutus
388 2164 484 2215 sum.
543 2165 607 2201 Sic
635 2165 768 2201 Turic.
798 2166 932 2214 camp.
993 2163 1156 2215 Reliqui
1178 2164 1213 2215 s.
1243 2166 1270 2203 l.
1403 2196 1412 2199 „

79 2267 81 2270 Α
132 2221 314 2260 Phalerea
324 2221 439 2258 illum.
468 2222 531 2258 Sic
542 2220 646 2259 Voff.
663 2231 747 2266 με.
767 2221 920 2271 phalet-e
931 2221 1098 2257 attalum
1127 2222 1276 2265 Turio„
1299 2224 1399 2263 asee.

47 2291 102 2318 m.
122 2293 162 2330 p.
182 2277 296 2319 acilii,
323 2277 421 2315 item
438 2278 619 2317 demetrii.
677 2277 838 2328 Reliqui
859 2278 1077 2314 phalereum
1094 2277 1209 2315 illum.
1270 2279 1398 2320 Guelf.

106 2419 172 2459 73.
195 2407 415 2462 satis'effet.
452 2412 505 2449 At
521 2423 602 2449 non
622 2411 694 2449 est}
754 2412 837 2463 ipso
868 2411 1008 2453 nostri,
1038 2424 1119 2449 non
1149 2423 1277 2450 tamen
1304 2413 1401 2451 adeo

47 2469 99 2508 of.
117 2480 168 2515 4,
189 2477 235 2515 5,
258 2469 295 2506 6.
755 2469 959 2516 congruit,
990 2479 1033 2505 ut
1052 2467 1167 2518 poffit
1188 2469 1400 2518 Quintilia-

753 2538 849 2562 neus
887 2525 978 2561 inde
1021 2525 1214 2575 expressus
1256 2526 1401 2564 videri.

71 2614 73 2617 .
106 2591 172 2630 79.
211 2580 400 2632 Isocrates.
469 2581 564 2619 Non
596 2594 695 2631 opus
752 2581 817 2617 Est
872 2581 1065 2631 copiofius
1110 2593 1304 2631 praeterea
1354 2583 1402 2620 de

50 2649 130 2675 erat
149 2651 238 2675 eum
250 2638 564 2689 Capperonnerio
576 2651 695 2688 appo·
753 2638 918 2675 Isocrate
961 2637 1146 2686 Dionyfii
1203 2639 1402 2686 judicium

47 2707 140 2731 nere
161 2694 484 2743 locumDionyfii
502 2699 557 2745 (p.
571 2695 697 2742 452),
755 2699 821 2744 (p.
861 2700 940 2739 554
961 2712 1018 2724 -—
1038 2696 1169 2740 585),
1209 2695 1334 2732 multa
1365 2705 1404 2732 et

36 2749 120 2801 'qui
149 2754 216 2789 etli
253 2765 334 2789 non
361 2751 511 2789 alienus
540 2751 588 2789 ab
618 2749 699 2789 hoe
752 2751 881 2801 ipsum
902 2751 1106 2788 continens
1121 2750 1401 2791 hucfacientin.

92 2809 97 2812 “
110 2807 218 2844 Tem.
247 2809 316 2849 1V,
903 2809 938 2842 E
