1676 3028
259 246 326 292 30·
554 237 629 283 M.
678 236 810 284 FAB.
861 239 1270 300 QUINTILIANI

252 363 462 414 meruit.
503 363 635 412 Sunt
655 363 779 411 clari
792 362 1072 428 hodieque,
1091 375 1144 414 et
1158 366 1250 430 qui
1261 365 1390 415 oli'm
1401 365 1576 427 nomi-

255 503 323 555 m'fi
350 504 455 540 labor
484 506 560 549 ejus
587 516 712 539 amor-e
745 516 831 539 cum
863 504 980 540 Goth.
1003 504 1108 542 voff.
1137 517 1170 541 ι.
1198 514 1236 541 2.
1256 514 1294 550 5.
1324 517 1361 543 et
1381 507 1466 543 edd.
1487 510 1576 544 ante‘

251 560 338 597 Ald.
364 573 442 595 exc.
466 561 595 607 Camp.
619 560 686 607 qui
707 558 902 594 manifesto
929 560 1091 594 nostram
1113 560 1175 595 dat
1193 561 1426 609 scripturam.
1468 565 1574 598 Haeo

252 616 396 663 igitur,
427 627 539 662 quam
567 614 705 649 merito
728 614 908 662 praetulit
927 615 1089 662 Regius,
1119 614 1189 650 ubi
1209 615 1424 657 inventam,
1454 631 1571 666 quan·-

252 675 366 719 quam'
387 669 537 716 aliquot
554 668 783 716 exemplaria
806 669 1009 716 appellans,
1039 683 1118 704 non
1141 668 1309 711 testatus,
1339 665 1450 708 nobis
1469 685 1574 707 nuno

252 726 298 762 ab
326 725 495 760 editione
520 724 694 772 principe
728 723 801 759 sola
834 725 1122 760 commendatur
1149 724 1219 769 (in
1239 737 1313 772 qua
1331 726 1395 761 hic
1415 727 1572 775 quidem

251 779 400 828 aliquid
421 778 601 816 ‚consulto
629 789 819 814 mutatum
850 791 927 814 non
959 780 1094 818 credo,
1125 780 1171 815 ef.
1195 780 1241 820 6,
1264 789 1310 823 5,
1334 787 1396 823 47.
1417 792 1453 816 et
1472 793 1509 829 9,
1535 787 1572 824 4,

255 845 345 878 ¹¹5-
374 834 442 870 ubi
473 833 646 880 profecto
677 832 821 880 aliquid
851 834 1159 881 interpretationi
1179 835 1283 870 dedit
1298 836 1475 883 Camp.);
1506 836 1574 872 niti

249 891 349 929 forte
390 887 499 923 fidele
537 887 586 922 est
613 887 714 923 illud
751 888 911 925 Gibsoni
939 888 982 923 in
1012 890 1239 925 Britannicis
1269 891 1342 926 suis
1371 890 1571 928 silentium.

248 947 374 989 „Sunt
412 954 558 983 tamen,
611 943 680 990 qui
705 942 832 990 legant
864 952 900 978 et
927 945 964 978 in
987 943 1180 991 scribendo
1213 945 1318 981 labor
1347 948 1423 991 ejus
1450 959 1574 982 amoro

247 1001 511 1048 „praecipuast
541 997 601 1033 sed
630 1011 708 1033 non
736 998 928 1046 procedit,
959 999 1004 1033 de
1033 998 1156 1046 lyrico
1185 1001 1308 1040 enim,
1344 1002 1387 1036 in
1418 1014 1499 1049 quor
1527 1002 1574 1038 de

247 1067 404 1098 „amore
424 1054 532 1090 labor
551 1054 614 1094 fit,
645 1053 761 1102 paulo
782 1053 864 1101 post
883 1053 1024 1089 dicet.“
1058 1054 1212 1091 Badius.
1254 1056 1347 1091 Non
1367 1056 1464 1091 male
1484 1056 1574 1098 iliez

250 1110 321 1160 qui
351 1112 387 1145 in
409 1108 623 1158 scrihendo,
656 1109 683 1144 i.
707 1121 738 1143 ο.
772 1108 1039 1149 describendo,
1073 1122 1196 1144 amore
1222 1111 1384 1156 junxiss'e
1403 1111 1575 1148 videtur.

248 1165 438 1202 Postrema
468 1165 548 1209 ejus
578 1176 712 1210 parum
730 1162 919 1211 intelligo.
979 1163 1082 1209 Quid
1103 1165 1204 1199 enim
1225 1165 1271 1201 de
1292 1168 1426 1202 amoris
1446 1166 1574 1203 labore

247 1221 292 1257 in
311 1218 541 1268 paucissimis
562 1219 662 1258 istis,
695 1231 789 1265 quae
813 1231 906 1254 mox
926 1219 1155 1266 sequuntur,
1186 1220 1232 1256 de
1257 1220 1379 1267 lyrico
1401 1220 1571 1269 genere?

243 1275 403 1323 Reliqui
429 1275 469 1308 in
499 1273 662 1308 vocibus
696 1272 762 1322 mfl
782 1292 837 1299 —
855 1287 978 1308 amore
1007 1275 1212 1320 agnoscunt
1234 1289 1313 1311 eam
1336 1277 1571 1317 sententiam,

244 1343 340 1379 quae
369 1331 477 1377 supra
501 1327 641 1375 legitur
662 1327 708 1368 6,
744 1337 790 1371 3,
824 1337 861 1370 3.
892 1329 961 1364 ubi
994 1329 1161 1364 nostrum
1193 1329 1322 1365 locum
1358 1330 1572 1378 defignabat

242 1388 495 1423 Burmannus.
516 1396 578 1417 rne
599 1384 754 1430 quidem
773 1383 906 1418 frustra
918 1394 1130 1432 quaerente.
1161 1386 1311 1421 Poterat
1321 1398 1361 1421 ea
1372 1385 1572 1423 rectiffime

241 1441 340 1492 poni
369 1453 388 1475 a
411 1440 484 1486 Qu.
509 1449 640 1486 agente
663 1439 709 1474 de
731 1440 914 1474 Cicerone
934 1440 1020 1479 suo,
1053 1439 1098 1474 de
1123 1441 1286 1475 Horatio
1306 1453 1569 1488 nequaquamg

243 1497 290 1532 cf.
322 1495 541 1543 proximam
579 1504 710 1528 notam
749 1503 787 1527 et
826 1493 1032 1541 malignam
1068 1507 1162 1529 mox
1201 1495 1372 1540 ejusdem
1402 1495 1569 1537 laudem,

240 1551 336 1587 item
373 1564 416 1590 ι,
450 1556 494 1593 3,
530 1548 565 1584 6.
635 1548 749 1594 Quod
777 1548 847 1595 qui
875 1549 1032 1595 spectet.
1082 1561 1187 1584 eruat
1210 1549 1358 1585 fortass'e
1389 1563 1410 1584 e
1436 1551 1568 1588 Turic.

240 1606 424 1654 scriptura
453 1616 569 1644 „non
599 1603 703 1638 enim
734 1603 843 1638 labor
877 1604 956 1648 ejus
987 1617 1116 1639 amore
1129 1610 1152 1624 “
1180 1605 1207 1641 i.
1232 1618 1262 1640 e.
1293 1615 1376 1641 tuto
1397 1618 1569 1652 pronun·

242 1661 342 1696 eiare
370 1660 519 1707 poss'um
534 1684 543 1698 ,
574 1671 647 1693 non
674 1659 767 1694 enim
799 1669 868 1693 cet.
927 1658 1060 1695 Nihili
1080 1670 1204 1694 tamen
1222 1658 1298 1695 hoe
1319 1659 1499 1695 collatum
1521 1661 1569 1696 ad

241 1717 386 1751 nostrae
427 1713 603 1749 lectionis
644 1714 919 1761 proprietatem
959 1724 996 1748 et
1033 1715 1234 1750 veritatem
1261 1725 1299 1750 et
1330 1713 1568 1762 elegantiam,

242 1784 338 1819 quae
358 1770 468 1804 unice
490 1769 603 1816 digna
626 1767 675 1802 est
686 1767 926 1815 Quintiliano
947 1781 1016 1804 nec
1036 1770 1163 1816 potuit
1181 1770 1353 1817 profecto
1373 1771 1419 1805 fic
1438 1771 1570 1817 sponte

240 1826 351 1862 nasei.
425 1823 632 1870 Quomodo
683 1835 724 1858 ea
774 1822 888 1858 lateat
929 1823 971 1858 in
1011 1824 1090 1860 iffi.
1125 1825 1336 1861 Tui-ineufi·
1375 1824 1567 1866 ductibus.

242 1879 397 1916 difficile
427 1879 554 1918 dictu,
595 1891 812 1925 quanquam
840 1891 910 1913 nec
941 1878 1096 1926 despero
1128 1879 1295 1927 peritum
1323 1879 1509 1915 criticum'
1529 1890 1568 1917 et

241 1935 536 1984 diplomaticum
565 1932 639 1967 hoc
672 1932 1037 1974 demonstraturum.
1067 1935 1094 1968 si
1122 1935 1338 1983 praesertim
1368 1934 1414 1968 ad
1435 1935 1567 1971 obscu-

240 2002 359 2026 ratam
390 1989 635 2036 scriptionem
658 1997 804 2022 mature
829 1987 1018 2023 accesserit
1037 1988 1191 2024 molesta
1211 1989 1438 2036 corrigentis
1460 1989 1567 2024 sedu-

238 2045 348 2087 litas,
401 2045 470 2092 qui
497 2043 564 2079 illa
596 2056 643 2078 ex
673 2043 775 2089 sexto
805 2042 907 2078 libro
936 2041 1013 2079 huc
1041 2043 1197 2080 obtorto
1228 2042 1330 2079 collo
1362 2043 1566 2084 attraxerit.

238 2101 352 2137 nixus
371 2100 535 2134 maxime
553 2111 650 2133 voce
670 2099 892 2145 praecipuus.
1063 2100 1251 2147 hodieque.
1309 2098 1438 2146 Camp.
1456 2099 1566 2135 hodie

238 2169 381 2205 quoque
407 2167 495 2190 eum
526 2152 641 2190 Goth.
674 2153 774 2189 Voss'.
797 2163 832 2188 2·
869 2164 906 2190 et
937 2154 1020 2192 edd.
1051 2165 1135 2190 ante
1156 2153 1303 2203 Gryph.
1325 2156 1566 2200 Burmannus

239 2210 388 2258 ablegat
422 2210 469 2244 ad
492 2209 687 2244 Gronovii
712 2218 841 2242 notam
861 2209 903 2244 in
926 2209 1014 2244 Liv.
1042 2223 1058 2243 ι
1073 2233 1084 2248 .
1105 2208 1178 2250 26,
1208 2218 1268 2253 13.
1308 2209 1408 2244 unde
1427 2221 1447 2242 a
1465 2209 1565 2243 Dra-

238 2263 479 2300 kenborchio
503 2264 736 2298 dimittimur
757 2262 803 2296 ad
820 2264 909 2300 Liv.
933 2272 954 2307 5
968 2289 978 2304 ‚
1001 2274 1051 2307 27
1069 2290 1080 2304 ,
1107 2277 1140 2300 ι.
1268 2262 1564 2300 nominabuntur.

239 2319 372 2356 Turic.
394 2319 496 2355 Flor.
521 2318 612 2364 (hic
634 2332 654 2353 a
671 2331 729 2367 pr.
751 2319 831 2364 m.)
853 2318 1146 2355 nominabantur.
1175 2320 1223 2356 ef.
1246 2326 1310 2364 45.

239 2441 499 2483 „Amazonide
514 2447 559 2481 “3
596 2439 665 2476 ubi
695 2452 742 2474 an
772 2440 874 2474 Mar·
987 2439 1078 2473 Sunt
1097 2455 1153 2466 --
1171 2438 1462 2475 nominabuntur.
1511 2438 1576 2476 cf„

239 2497 298 2532 sus
329 2496 372 2530 fit
400 2496 452 2536 is,
484 2496 529 2530 de
552 2507 629 2543 quo
661 2495 808 2541 egimus
827 2494 874 2528 ad
931 2503 967 2537 5,
994 2506 1026 2531 ι.
1047 2502 1110 2528 21.
1143 2494 1242 2528 unde
1268 2494 1383 2540 hujus
1405 2507 1563 2543 quoque

240 2551 277 2592 6,
294 2559 331 2593 3.
354 2561 442 2585 102.
462 2549 641 2598 plurimis
663 2548 760 2584 locis
772 2550 872 2583 Mar—
928 2548 1008 2584 loci
1032 2548 1386 2596 interpretationem
1409 2560 1506 2598 pete,
1534 2550 1563 2585 fi

237 2605 323 2642 ciali
333 2605 382 2642 ob
395 2605 711 2654 epigrammatum
724 2603 872 2651 elegan-
928 2604 1026 2639 forte
1066 2602 1209 2639 haeres.
1281 2600 1422 2651 Neque
1458 2604 1562 2640 enim

238 2661 332 2697 tiam
359 2659 552 2700 laudatus,
594 2659 734 2694 merito
761 2659 872 2694 dubi·
928 2658 1104 2697 dubium,
1129 2658 1223 2705 quin
1238 2658 1445 2706 utrobique
1455 2658 1561 2695 idem

237 2726 351 2753 tatur.
928 2713 1051 2748 testari
1067 2712 1238 2748 voluerit
1260 2713 1352 2760 Qu..
1393 2713 1562 2759 Qnifint
