1676 3028
227 424 276 461 ι9

231 1162 278 1190 20

301 285 401 338 494
610 277 684 323 Μ.
717 277 847 323 FAB.
891 277 1297 338 ρυῙΝΤιΠΑΝΙ

306 403 460 451 minis
492 399 753 450 summum
784 399 961 457 habet,
999 400 1311 450 consecutos.
1388 401 1527 452 Nam
1559 414 1610 451 et

303 478 641 541 Pythagoras,
690 491 799 523 non
814 470 1102 544 sapientem
1145 474 1220 532 se,
1277 486 1338 524 ut
1354 468 1608 550 ‘qui‘hnte

303 569 427 600 eum
453 550 693 606 fuerunt,
731 548 819 597 sed
829 546 1116 620 studiosum
1122 547 1415 620 sapienciae
1435 553 1609 601 vocari

301 628 489 676 voluit.
585 627 694 687 Ego
734 635 909 672 tamen
951 623 1239 674 secundum
1279 609 1676 677 communeinmct

302 700 562 764 loquendi
601 698 1030 748 consuetudinem
1063 698 1210 765 saepe
1251 700 1385 758 dixi,
1424 700 1633 759 dicam-⁸x

303 793 430 841 que,
462 771 752 844 perfectum
778 785 1031 825 oratorem
1063 773 1158 822 effe
1185 777 1517 834 Ciceronem:
1557 786 1618 826 ut

305 852 497 900 amicos
531 860 585 897 et
612 847 765 901 bonos
791 853 947 906 vires,
983 860 1033 897 et
1060 847 1468 923 prudentiffimos
1489 851 1618 900 dici-

306 944 425 977 mus
459 927 645 990 vulgo‚
696 941 925 988 quorum
967 925 1104 973 nihil
1143 924 1243 974 nisi
1278 925 1504 990 perfecte
1543 914 1618 974 [δὲ

305 1003 474 1070 pienti
497 1002 663 1050 datur.
740 999 840 1049 Sed
863 1017 983 1048 cum
1003 1003 1240 1066 proprie,
1279 1011 1330 1049 et
1360 1001 1424 1049 ad
1449 1002 1618 1066 legem

307 1079 469 1144 ipsam
501 1075 731 1125 veritatis
767 1075 1095 1138 loquendum
1136 1076 1261 1134 erit,
1307 1093 1430 1126 eum
1463 1093 1620 1141 quae-

308 1171 418 1204 ram
447 1162 723 1207 oratorem,
744 1166 899 1213 quem
931 1161 982 1197 et
1010 1151 1099 1198 ille
1129 1151 1416 1214 quaerebat.
1443 1155 1619 1218 Quan-

305 1246 462 1295 quam
494 1229 633 1275 enim
659 1223 839 1273 stetiffe
861 1224 1032 1291 ipsum
1056 1227 1112 1272 in
1139 1225 1342 1291 fastigio
1366 1227 1618 1290 eloquen-

303 1308 407 1353 tiae
433 1303 624 1357 fateor‚
664 1317 719 1347 ac
742 1301 858 1356 vix,
897 1300 1026 1363 quid
1056 1299 1209 1360 adjici
1238 1302 1494 1366 potuerit,
1535 1302 1617 1349 in-

300 1381 477 1438 venio,
497 1373 703 1428 fortaffe
731 1376 1061 1434 inventurae,
1083 1374 1229 1443 quod
1262 1375 1433 1431 adhuc
1453 1376 1615 1426 absci-

382 1575 446 1611 19.
485 1559 692 1610 consecutos
720 1569 761 1596 ut
793 1560 902 1609 Pych.
935 1561 1064 1609 Camp.
1091 1560 1159 1609 sed
1189 1570 1229 1596 ut
1257 1563 1318 1609 qui
1346 1560 1476 1597 Turio.
1500 1558 1543 1608 se
1572 1571 1608 1596 et

297 1622 358 1670 qui
395 1618 493 1658 Jens.
532 1618 644 1652 Tarv.
678 1615 722 1664 se
760 1625 801 1651 ut
830 1625 866 1650 et
895 1618 956 1666 qui
994 1617 1125 1651 Locat.
1158 1619 1254 1654 Ven-
1284 1617 1391 1652 RuIc.
1422 1627 1506 1653 ante
1526 1617 1611 1663 fue-

295 1685 381 1712 runt
415 1676 546 1721 Camp.
578 1680 614 1706 et
630 1669 730 1719 stud.
762 1672 893 1706 Turic-
919 1685 1048 1707 vocare
1078 1672 1152 1707 vol.
1186 1673 1317 1707 Turic.
1352 1671 1453 1708 Flor.
1476 1674 1606 1720 Camp.

568 1729 666 1762 viros
686 1725 755 1774 sed
783 1724 1050 1774 prudeneffme
1079 1727 1209 1762 Turic.
1239 1727 1343 1761 Flor.
1374 1727 1609 1762 Postremum

296 1785 398 1823 Alm.
428 1795 594 1832 quoque.
625 1795 770 1830 cumque
796 1783 945 1829 proprie
975 1781 1105 1815 Turic.
1140 1781 1241 1816 Flor.
1271 1784 1340 1816 erit
1359 1795 1505 1830 cumque
1526 1794 1608 1817 ora-

296 1851 411 1876 torem
448 1838 577 1875 Turio.
617 1836 718 1872 Plor.
761 1836 858 1884 (qui
885 1834 1070 1884 posterior
1096 1836 1196 1871 infra
1229 1837 1339 1871 etiam
1370 1840 1404 1883 ᾖ.
1437 1842 1501 1879 54.
1533 1850 1612 1872 cum

296 1898 345 1932 ad
374 1909 444 1944 pro
476 1907 555 1928 eum
585 1893 684 1938 ad).·
743 1891 788 1927 ab
828 1890 928 1925 Alm.
966 1904 1133 1938 quaeram
1171 1891 1290 1927 abesse
1317 1891 1470 1927 dicitur.
1501 1905 1609 1941 quae·

295 1965 374 1987 ram
403 1950 635 2000 eloquentiae
665 1956 845 1982 oratorem
876 1949 1007 1994 Camp.
1039 1947 1236 1994 quaerebat
1265 1959 1342 1982 om.
1376 1946 1471 1982 Obr.

382 2061 444 2086 20.
467 2046 607 2096 stetffle
639 2061 719 2082 eum
750 2047 879 2094 Camp.
905 2046 1001 2084 Jens.
1032 2041 1117 2097 (tac.
1145 2047 1270 2089 Gesn.)
1310 2057 1396 2081 cum
1419 2045 1502 2081 edd.
1524 2056 1608 2081 anto

296 2109 419 2143 Stoer.
439 2117 519 2140 exc.
543 2104 629 2138 Ald.
652 2104 877 2152 eloquentiae
909 2114 984 2137 om.
1008 2102 1137 2136 Turio.
1164 2100 1266 2136 Flor.
1290 2103 1420 2149 Camp.
1450 2113 1481 2135 ο.
1505 2100 1606 2138 Alm.

583 2158 671 2208 quid
693 2159 810 2193 adhuc
828 2156 955 2192 Turio.
972 2155 1108 2191 ·Ambr.
1135 2167 1170 2192 2.
1201 2155 1325 2191 Guelf.
1357 2157 1486 2203 Camp.
1519 2155 1606 2203 (qui

293 2217 459 2254 viciss'im
489 2215 595 2264 [upra
616 2214 712 2263 quod
734 2213 864 2259 adjici)
886 2225 916 2247 c.
947 2210 1062 2247 Goth.
1086 2211 1186 2246 Voss'.
1209 2220 1243 2246 2.
1267 2219 1302 2254 5.
1332 2210 1432 2246 Alm.
1462 2221 1498 2247 et
1517 2211 1602 2247 edd.

294 2283 379 2309 ante
402 2271 551 2319 Gryph.
828 2265 1055 2314 absmsurum.
1087 2268 1139 2301 Ita
1170 2267 1246 2301 fine
1271 2266 1380 2301 libris
1405 2266 1518 2301 etiam
1540 2265 1604 2302 hie

294 2327 491 2365 emendare
511 2324 627 2362 debui
650 2322 848 2371 vulgatum
874 2319 1124 2371 abscss‘urum‚
1153 2333 1239 2356 cum
1272 2320 1366 2356 alibi
1391 2314 1607 2358 addicente·

349 2504 414 2540 19.
475 2504 579 2539 quem
615 2499 651 2526 et
681 2490 744 2525 ille
773 2502 920 2539 quaere·
977 2487 1202 2536 absczjfurum.
1224 2486 1271 2521 cf.
1299 2498 1359 2528 ιο,
1383 2497 1416 2526 ι,
1442 2484 1602 2520 106.2·lli

291 2550 364 2584 bat.
422 2547 553 2583 Vehui
575 2548 616 2582 in
637 2546 798 2582 Oratore
823 2557 854 2578 c.
882 2555 920 2579 2.
976 2544 1069 2578 nihil
1090 2542 1234 2578 detrahi
1252 2537 1381 2588 potes&
1410 2539 1490 2573 huic
1508 2540 1601 2574 nihil

291 2614 355 2650 29.
414 2602 654 2639 Demonstrat
681 2601 861 2636 Gesnerus
882 2609 919 2633 et
974 2600 1097 2643 adjici.
1126 2615 1180 2625 --
1210 2596 1323 2631 adhuc
1353 2595 1381 2631 i.
1420 2595 1467 2629 ad
1502 2609 1543 2629 ea
1574 2595 1600 2630 s.

290 2658 407 2694 crau}
440 2658 660 2694 sententiam
695 2656 740 2690 de
772 2654 840 2691 Or.
869 2662 915 2696 3,
974 2664 1120 2702 praeter
1143 2665 1183 2686 ea
1200 2651 1386 2698 quaejam
1402 2649 1599 2686 abscidiffe

290 2722 354 2752 22.
972 2708 1160 2758 putandus
1179 2706 1238 2742 est.

343 2779 408 2809 20.
441 2770 527 2821 quid
560 2766 914 2815 adjici—quod·—
