1676 3028
323 310 422 359 420
640 301 714 346 Μ.
746 302 877 346 FAB.
916 301 1320 362 QUINTILIANI

324 423 623 488 frequenter
656 422 1031 482 accommodat,
1068 423 1175 472 five
1193 426 1251 474 in
1269 427 1457 491 digitos
1473 445 1625 493 argu-

325 509 500 548 menta
545 497 855 562 digerimus,
907 498 1015 548 sive
1049 499 1234 549 averiis
1271 503 1329 549 in
1365 501 1626 552 finisti-um

326 574 512 640 palmis
535 573 908 632 abominamur,
937 574 1045 623 sive
1081 576 1352 633 obiicimus
1381 577 1626 635 adversas,

326 647 437 696 sive
489 649 547 695 in
590 648 724 697 latus
773 659 1046 714 utramque
1090 649 1454 709 distendimus,
1519 651 1627 701 [ive

253 721 709 781 ²²5satisfacientes,
758 735 847 774 aut
873 724 1227 790 supplicantes.
1301 725 1510 776 Diversi
1538 745 1628 776 au-

325 808 431 847 tem
470 796 588 847 sunt
619 799 677 847 hi
714 799 907 863 gestus,
942 799 1048 848 sive
1088 800 1489 859 summittimus,
1521 801 1627 851 five

325 872 593 922 adorantes
633 875 940 936 attollimus,
978 875 1086 924 sive
1115 877 1286 941 aliqua
1315 875 1629 926 demonstra-

323 950 469 997 tione
502 961 591 997 aut
614 950 945 1000 invocatione
969 951 1355 1016 protendimuS,
1399 954 1511 1002 Vos
1531 951 1632 1001 Al-

260 1033 266 1039 '
322 1023 440 1071 barti
488 1024 666 1072 tumuli
716 1036 870 1090 atque
919 1027 1027 1074 luci.
1119 1029 1224 1075 Aut
1258 1024 1631 1081 'Gracchanum

320 1098 483 1157 illud,
539 1099 654 1171 Quo
688 1118 776 1148 me
803 1097 955 1171 miser
985 1099 1282 1170 conferam?
1341 1105 1392 1149 in
1426 1101 1632 1164 Capito-

322 1249 407 1286 edd.
428 1250 583 1298 posterr.
605 1262 688 1287 ante
709 1254 830 1288 Stoer.
862 1265 940 1288 exc.
958 1242 1045 1287 Ald.
1069 1263 1106 1288 et
1134 1251 1284 1301 aliquot
1304 1254 1522 1288 Burmanno
1541 1250 1632 1286 cita·
1668 1262 1673 1263 ⁷

321 1306 384 1343 tis,
415 1317 491 1353 quo
512 1305 610 1341 male
630 1307 748 1342 rediit
767 1307 863 1343 Obr.
875 1306 957 1356 sive
969 1307 1216 1356 supplicantes
1237 1309 1369 1357 Camp.

410 1400 500 1437 115.
527 1392 654 1441 gestus,
667 1393 749 1442 five
759 1394 1029 1444 summittimus,
1059 1395 1254 1431 omittunt
1272 1393 1353 1444 sive
1377 1394 1507 1430 'ru-ric.
1529 1393 1632 1428 Ποῖ.

321 1450 454 1485 Ambr.
479 1457 515 1483 2.
549 1451 646 1496 (qui
674 1460 710 1485 et
735 1451 854 1485 modo
883 1451 965 1498 hic)
987 1450 1111 1486 Guelf.
1134 1451 1265 1497 Camp.
1284 1462 1371 1485 cum
1391 1449 1509 1484 Goth.
1527 1448 1628 1486 Vols.

327 1517 362 1539 1.
393 1512 429 1538 2.
462 1513 497 1546 3.
524 1514 560 1539 et
589 1505 672 1538 edd.
694 1503 791 1540 'ante
818 1505 927 1540 Bam.
977 1505 1071 1539 Inest
1099 1506 1141 1539 in
1162 1504 1267 1539 hisce
1291 1503 1412 1538 multa
1431 1503 1630 1540 scabrities,

321 1571 436 1605 quam
458 1571 530 1606 ego
556 1559 607 1593 fic
635 1559 815 1599 emendo,
845 1573 967 1594 meam
990 1559 1177 1594 rationem
1202 1559 1336 1606 peritis
1353 1557 1464 1592 facile
1482 1558 1630 1605 persua-

300 1613 448 1648 ·surus:
478 1614 724 1650 distendimus.
774 1614 917 1663 Diversi
945 1630 978 1650 a.
1000 1614 1034 1663 s.
1058 1614 1090 1649 Ῑι.
1113 1627 1150 1661 g.
1173 1613 1253 1662 sivo
1269 1612 1539 1662 satisfacientes
1565 1620 1631 1646 aut

310 1666 559 1717 supplicantes
570 1667 839 1716 summittimus,
863 1670 947 1717 sive
973 1680 1041 1704 cet.
1097 1670 1180 1705 Nec
1205 1681 1298 1716 opus
1321 1678 1397 1703 erat
1417 1667 1628 1702 Pithoeano

318 1722 404 1762 illo,
436 1724 498 1758 feu
507 1723 694 1764 Danielis,
724 1724 895 1764 invento,
927 1735 971 1760 ut
993 1725 1075 1772 post
1087 1723 1245 1772 supplic.
1265 1723 1491 1758 insereretur
1502 1723 1628 1768 jungi-

301 1790 407 1812 ·mus.
453 1779 526 1813 Sed
550 1791 644 1813 mox
669 1779 738 1827 qui
761 1790 867 1814 erant
893 1780 1015 1815 dativi
1039 1775 1356 1825 demonstrationi,
1395 1778 1628 1816 invocationi,

317 1833 523 1868 neceffario
545 1844 650 1869 erant
671 1835 845 1869 mutandi
869 1834 1057 1875 ablativis,
1087 1845 1131 1869 ut
1151 1833 1308 1868 haberet
1327 1844 1404 1879 quo
1426 1831 1628 1873 referretur

317 1888 467 1935 aliqum·
503 1889 608 1936 quod
638 1890 829 1924 neminem
860 1890 1051 1925 attendiffe
1082 1888 1193 1924 valde
1220 1888 1353 1922 miror.
1412 1885 1527 1922 Nihil
1546 1885 1628 1920 sane

317 1941 548 1988 adjuvabant
567 1943 668 1979 Voss'.
693 1957 726 1979 1.
751 1953 788 1987 5.
810 1942 1125 1992 demonstrationis
1141 1952 1206 1978 aut
1227 1943 1466 1978 invocationis
1485 1941 1627 1976 dantes.

486 1997 701 2044 conferam?
728 2001 766 2034 in
788 2001 1032 2046 Capitolium,
1063 1998 1265 2048 adr-fratris
1287 1996 1532 2046 sanguinem?
1561 2009 1623 2029 an.

269 2091 271 2093 ¹
316 2050 380 2087 Sic
407 2053 537 2088 Turio.
566 2051 665 2100 (nisi
686 2055 792 2102 quod
811 2055 877 2090 hic
887 2053 1032 2103 frat-is)
1063 2053 1165 2090 Flor.
1185 2053 1317 2089 Ambr.
1331 2063 1367 2088 2.
1388 2049 1512 2087 Guelf.
1537 2062 1625 2084 cum

313 2107 415 2142 Alm.
450 2103 579 2159 (semel
598 2109 701 2144 enim
720 2110 770 2145 fic
791 2111 902 2158 ponit
928 2111 1058 2145 Burm.
1072 2135 1082 2149 ,
1113 2108 1248 2144 deinde
1261 2106 1479 2156 sanguinem
1496 2105 1624 2140 redun-

313 2161 379 2197 dat
398 2163 458 2198 ibi
478 2164 548 2197 effe
567 2163 695 2205 refert,
723 2164 814 2200 falso
832 2165 935 2200 haud
956 2165 1088 2209 dubie)
1106 2163 1221 2199 Goth.
1244 2163 1348 2202 Voss'.
1376 2175 1409 2198 1.
1429 2172 1465 2197 2.
1485 2169 1522 2204 5.
1545 2157 1624 2206 (sed

315 2227 352 2252 et
371 2217 437 2252 hic
465 2218 567 2256 Vols.
594 2233 627 2253 1.
661 2228 698 2262 5.
730 2233 799 2268 quo
829 2234 884 2255 me
914 2219 1093 2268 mzserant,
1122 2218 1225 2256 Voss'.
1252 2230 1288 2252 ι.
1317 2230 1387 2266 quo
1411 2229 1466 2251 me
1485 2225 1623 2251 vertam

314 2272 402 2307 dare
422 2283 548 2308 narrat
569 2275 714 2315 Burm„
746 2275 901 2310 turbans
918 2275 1093 2324 profecto
1113 2273 1258 2321 aliqua)
1275 2272 1375 2313 Vall.
1394 2273 1418 2310 J
1420 2271 1492 2306 ens.
1509 2271 1620 2305 Taiv.

285 2326 408 2374 'confi
442 2330 465 2364 i.
489 2330 529 2364 C.
559 2338 601 2364 at
624 2328 678 2377 fr.
697 2329 919 2378 sanguinem
945 2331 1070 2366 madet
1087 2343 1135 2365 an
1157 2330 1288 2376 Camp.
1329 2325 1485 2373 Reliqui
1505 2337 1534 2360 c.
1553 2335 1622 2371 quo

368 2453 459 2494 1¹4·
503 2454 592 2491 ²¹5·
639 2447 940 2483 distendimus—
995 2450 1101 2489 rius.
1126 2449 1204 2484 sive
1234 2445 1403 2483 consulto
1432 2443 1623 2479 contraxit

300 2501 567 2552 summittimus.
598 2503 687 2538 vide
712 2514 809 2539 nott.
834 2505 935 2539 critt.
997 2506 1070 2552 Qu.
1097 2505 1208 2549 (sicut
1225 2502 1315 2538 fecit
1327 2512 1362 2547 9,
1377 2507 1412 2541 ὅ,
1426 2499 1523 2542 56.),
1543 2499 1620 2534 five

368 2566 460 2602 ²15·
511 2560 586 2594 Vos
619 2558 757 2593 Albani
797 2561 938 2595 tumuli.
993 2559 1176 2595 memoria
1195 2555 1316 2604 lapsus
1336 2555 1395 2589 est.
1435 2553 1620 2602 Complu-

307 2612 388 2651 cic,
409 2626 481 2662 pro
505 2612 656 2648 Milone
675 2625 706 2647 c.
719 2622 787 2656 5¹·
992 2615 1096 2649 rium
1116 2613 1343 2660 scriptorum
1364 2609 1524 2643 similem
1549 2608 1618 2642 du-

365 2669 615 2703 Gracchanum
655 2669 756 2702 illud.
828 2669 935 2705 Idem
991 2667 1185 2704 bitationis
1206 2665 1375 2701 colorem
1392 2663 1618 2699 demonstrat

302 2722 419 2757 reffirt
447 2725 582 2758 Cicero
609 2723 655 2758 de
696 2723 764 2758 Or.
799 2732 835 2765 5,
869 2725 932 2766 56.
990 2723 1154 2771 Vulpius
1186 2722 1231 2756 ad
1264 2718 1408 2769 catull..
1426 2718 1490 2762 65,
1519 2731 1541 2752 ἰ
1551 2726 1614 2760 77.

304 2789 520 2826 quanquam
538 2776 653 2827 paulo
673 2776 831 2821 aliteret
842 2778 932 2815 ube·
986 2790 1026 2827 P.
1049 2787 1140 2826 291.
1162 2789 1232 2814 nec
1259 2775 1377 2812 nossxi
1398 2774 1614 2810 immemor.
