1696 3016
325 269 383 314 ιε
623 267 696 312 M.
739 239 872 312 IFAB.
918 264 1326 326 QmNTiLtANt

319 393 470 440 tacita
525 390 747 456 quadam
798 389 1114 439 verecundia
1165 389 1469 439 inhibemur
1515 392 1634 456 plus

317 467 471 518 nobis
494 466 715 523 credere,
743 483 863 514 cum
883 468 1093 514 interim
1117 475 1167 512 et
1189 465 1371 513 vitiosa
1392 467 1634 530 pluribus

317 543 564 608 placeant,
604 551 654 587 et
675 559 702 587 a
722 542 998 605 corrogatis
1019 539 1301 588 laudentur
1322 541 1476 589 etiam
1499 558 1632 605 quae

247 642 295 678 ²9
321 634 430 664 non
457 617 668 680 placent.
742 615 841 663 Sed.
866 633 893 662 e
913 616 1169 664 contrario
1197 631 1411 678 quoque
1432 615 1632 674 accidit,

316 701 377 738 ut
422 692 617 755 optime
661 690 810 738 dictis
851 691 1260 755 gratiam'prava
1298 689 1631 750 iudicia.n0n

315 763 554 814 referant.
629 765 807 813 Lectio
837 765 999 812 libera
1029 763 1125 820 est,
1163 780 1259 811 nec
1289 764 1506 812 actionis
1529 766 1628 812 im*

313 851 439 907 petu
482 841 808 887 transcurrit:
867 838 955 886 secl
991 849 1219 903 repetere
1259 837 1458 902 saepius
1490 839 1696 897 licetffig:

312 913 416 962 five
468 914 699 970 dubites,
755 913 859 961 five
902 914 1182 966 memoriae
1229 912 1429 977 affigere
1477 914 1624 964 velis.

310 991 627 1055 Repetamus
664 999 835 1036 autem
868 997 919 1036 et
952 998 1251 1045 tractemus,
1305 998 1356 1051 et
1386 998 1447 1036 ut
1481 988 1624 1037 cibos

395 1131 517 1164 tacita.
574 1128 702 1164 Turic.
727 1127 828 1164 Flor.
852 1138 966 1164 tanta.
997 1130 1043 1164 cf.
1069 1140 1103 1175 9,
1131 1134 1163 1171 4,
1193 1136 1251 1170 13.
1392 1127 1626 1176 placeant—-

307 1185 510 1220 laudentur.
569 1184 699 1218 Turic.
731 1182 830 1218 Flor.
864 1183 990 1218 Guelf.
1025 1185 1155 1231 Camp.
1194 1183 1624 1230 placent—laudantur

309 1253 397 1274 cum
418 1239 534 1275 Goth.
559 1238 662 1277 Voss‘.
685 1247 719 1272 2.
750 1248 787 1272 et
813 1237 896 1272 edd.
921 1248 1005 1272 ante
1027 1237 1112 1273 Ald.
1170 1238 1348 1272 Correxit
1366 1237 1519 1284 Regius.
1579 1239 1623 1272 Iu

305 1294 408 1330 Flor.
432 1305 555 1328 tamen
582 1293 680 1327 laud.
702 1305 781 1326 non
801 1303 1053 1333 memoratur,
1083 1292 1124 1326 iu
1149 1292 1279 1327 Turic.
1302 1296 1396 1340 a‘pr.
1415 1304 1468 1326 m.
1500 1292 1622 1327 laudo·
1656 1294 1661 1298 ’

307 1357 385 1388 tur,
416 1348 618 1394 vestigium
649 1347 743 1381 veri.

391 1414 452 1449 ¹9·
481 1404 627 1448 impetu.
682 1401 813 1436 Turic.
835 1401 936 1436 Flor.
957 1401 1083 1436 Guelf.
1117 1401 1246 1448 Camp.
1276 1403 1440 1448 impetus.

392 1459 585 1492 memoriae
607 1454 670 1502 aff.
731 1457 792 1490 Sic
816 1457 897 1490 Mss.
922 1466 958 1491 et
979 1458 1100 1490 excufi
1120 1467 1203 1490 ante
1230 1455 1330 1491 Bam.
1351 1455 1509 1503 Reliqui
1526 1456 1622 1492 inse·

301 1523 393 1547 :runt
412 1514 567 1557 penitus.
763 1512 996 1557 Repetamus.
1052 1511 1182 1546 Turio.
1210 1509 1310 1544 I'lor.
1336 1508 1461 1544 Guelf.
1486 1512 1616 1559 Camp.

301 1569 495 1615 repetimus
518 1578 606 1602 cum
628 1566 742 1603 Goth.
761 1566 863 1606 Voff.
884 1575 920 1601 2.
940 1576 976 1601 et
997 1565 1079 1602 edd.
1103 1576 1186 1600 aute
1202 1563 1307 1600 Bafil.
1338 1564 1409 1599 Sed
1431 1572 1620 1602 tractemus

299 1687 390 1724 Vol.
431 1687 504 1728 IV,
546 1701 578 1723 1.
630 1701 666 1736 p.
705 1687 794 1724 262.
859 1687 929 1724 Ed,
989 1694 1035 1730 4,
1067 1696 1113 1728 2,
1145 1695 1209 1730 57.
1241 1685 1546 1733 ubi-corrogatos
1569 1686 1619 1722 ad

295 1743 435 1778 Bened.
463 1745 715 1791 „Praeceptor
737 1744 929 1790 quondam
986 1742 1209 1777 laudandum
1241 1741 1413 1775 invenies
1447 1741 1547 1789 ipsos
1575 1742 1616 1776 in

294 1810 453 1839 ‚‚meus‚
511 1798 719 1844 Gregorius
766 1798 929 1833 Nazian-
986 1795 1161 1846 disposita
1190 1797 1239 1831 ad
1272 1796 1468 1830 clamorem
1495 1796 1615 1831 multi·

204 1864 245 1872 -·
294 1865 462 1894 „zenus,
511 1864 665 1900 rogatus
705 1866 724 1886 a
761 1866 845 1893 me,
886 1863 930 1888 ut
986 1853 1121 1887 tudine.
1157 1852 1217 1886 De
1236 1850 1354 1886 hocce
1377 1860 1500 1884 autem
1519 1851 1615 1886 reci·

294 1917 551 1954 ‚‚exponeret,
583 1907 677 1954 quid
711 1907 780 1942 fibi
810 1906 928 1942 vellet
985 1907 1146 1942 tantium
1177 1905 1323 1941 ambitu
1347 1905 1442 1941 bene
1464 1905 1530 1940 hic:
1550 1917 1614 1940 ex-

291 1962 362 2003 „in
399 1963 502 1996 Luca
538 1962 769 1997 Sabbathum
811 1963 925 1997 δευτε·
981 1961 1095 2009 ponit
1133 1958 1394 1997 Landfidelius
1438 1958 1614 1997 ePlinii

290 2015 508 2063 „qen-emron,
532 2016 720 2064 eleganter
730 2017 827 2056 lufit,
841 2017 924 2052 Do·
980 2016 1144 2050 maxime
1163 2015 1263 2062 epist.
1285 2024 1320 2054 2,
1344 2023 1404 2056 14.
1431 2013 1523 2048 item
1543 2015 1613 2052 Ju-

289 2071 411 2112 „cebo
436 2082 483 2112 te,
509 2071 701 2119 inquiens,
723 2072 833 2119 super
853 2071 923 2106 hae
978 2069 1101 2106 venal.
1127 2083 1169 2109 >1.
1203 2070 1289 2117 init.
1330 2070 1464 2103 Horat.
1493 2069 1609 2118 Epist.

288 2139 356 2166 „re
386 2126 427 2160 in
446 2126 605 2161 Ecclesia
623 2153 633 2167 ,
664 2126 706 2160 in
729 2139 800 2173 qua
822 2126 923 2161 mihi
980 2134 1028 2165 2,
1054 2135 1093 2165 2,
1117 2125 1180 2168 67.
1205 2124 1269 2167 68.
1327 2122 1523 2159 claudian.
1545 2129 1616 2166 74„

287 2181 424 2220 ,‚0mni
482 2181 626 2228 populo
684 2180 920 2222 acclamante,
982 2189 1042 2222 17.
1089 2186 1150 2223 18.
1200 2179 1258 2213 ed.
1297 2179 1407 2214 Gesu.
1445 2177 1608 2213 Martini.

286 2236 462 2280 „cogeris
504 2235 651 2271 invitus
688 2235 778 2270 scire
816 2237 921 2283 quod
975 2234 1117 2282 passim.
1149 2233 1206 2270 Cf.
1230 2234 1302 2279 Qu.
1330 2245 1372 2266 11
1389 2257 1398 2272 ,
1421 2241 1466 2275 5,
1492 2242 1580 2268 121.

285 2289 451 2328 „nescis:
503 2301 566 2324 aut
613 2301 712 2325 certe
753 2292 780 2325 fi
818 2289 919 2326 solus
1035 2295 1095 2333 ¹8·
1123 2287 1256 2335 vitiosa
1283 2288 1458 2335 pluribus.
1505 2287 1606 2322 Con·

284 2344 492 2383 „tacuerim
534 2343 632 2379 solus
662 2345 706 2380 ab
738 2345 918 2380 omnibus
975 2344 1143 2379 serantur
1181 2343 1273 2377 haec
1309 2342 1356 2377 ad
1388 2354 1430 2382 ι,
1464 2340 1510 2380 6,
1540 2347 1604 2386 44.

283 2397 487 2436 „stultitiae
501 2399 823 2435 condemnaberis.
844 2400 918 2434 Ni·
974 2401 1117 2433 interim
1155 2397 1219 2433 hic
1254 2396 1411 2444 quidem
1442 2408 1520 2430 non
1554 2395 1605 2430 est

283 2451 370 2491 „hil
400 2462 474 2486 tam
503 2451 633 2492 facile,
665 2467 777 2501 quam
796 2453 922 2504 vilei-q
971 2466 1044 2500 pro
1073 2453 1272 2490 interdum,
1307 2451 1367 2486 sed
1397 2451 1464 2486 suo
1489 2450 1602 2497 figni-

280 2505 542 2552 „plebeculam
565 2517 601 2541 et
618 2508 811 2544 indoctam
824 2520 914 2543 con·
971 2507 1084 2543 ficatu
1104 2518 1142 2543 et
1167 2507 1267 2554 quali
1290 2505 1416 2541 valens
1440 2513 1574 2540 tamen.

279 2561 460 2600 „cionem
490 2560 641 2608 linguae
670 2562 914 2598 volubilitate
1031 2573 1092 2609 19.
1125 2575 1241 2609 prava
1271 2561 1424 2605 judicia.
1482 2559 1529 2596 cf.
1560 2567 1598 2602 5.

279 2614 494 2662 „decipere,
515 2628 609 2662 quae
632 2617 821 2664 quidquid
834 2629 912 2652 non
970 2626 1014 2661 ¹7,
1042 2624 1103 2660 18.

278 2668 489 2716 „intelligit
553 2670 640 2717 plus
697 2671 910 2707 miratur.“
1026 2680 1223 2707 tractemus.
1308 2671 1402 2706 Non
1426 2692 1430 2697 -
1461 2667 1598 2704 dubito

276 2723 528 2761 Laudantium
556 2726 749 2762 clamorem
787 2727 833 2761 cf.
863 2725 909 2761 ad
967 2726 1062 2775 quin
1082 2726 1200 2762 fuerit
1219 2739 1240 2761 a
1264 2726 1336 2773 Qu.
1358 2731 1596 2764 retractemus·
