1676 3028
317 275 412 325 590
626 265 700 311 M.
725 259 862 312 ῈΑΒ.
892 266 1296 327 qumi-mum

315 404 436 438 men
458 387 601 437 hunc
626 388 897 454 praestabit
917 401 1103 447 orator,
1138 401 1199 439 ut
1217 379 1454 445 videafflr
1476 398 1609 462 'opti-

317 480 457 512 mam
497 462 695 511 causam
735 465 930 530 optime
971 463 1133 530 egiffe.
1228 466 1367 516 Illud.
1388 503 1391 506 -
1414 481 1611 520 certum

317 540 439 594 erit,
487 539 751 586 neminem
778 543 928 605 pejus
969 557 1140 606 agere,
1189 558 1345 606 quam
1369 543 1468 608 ‘qui
1488 546 1610 595 ›dis-

316 615 540 678 plicente
570 611 714 662 causa
744 614 935 680 placet:
986 613 1178 664 neceffe
1209 615 1282 664 est
1309 619 1479 675 enim,
1505 635 1613 668 ¹‘ex-

272 698 395 740 7tra
425 687 621 736 causam
645 687 731 746 fit,
781 689 925 754 quod
954 691 1132 756 placet.
1208 691 1323 740 Nec
1354 693 1449 741 illo
1481 691 1617 742 fasti-

317 762 409 812 dio
441 763 693 812 laborabit
727 775 899 813 orator
930 783 1039 815 non
1082 765 1268 831 agendi
1309 765 1478 816 causas
1518 770 1617 816 mi-

316 853 497 896 nores,
548 846 791 901 tanquam
824 839 959 889 infra
993 857 1116 889 eum
1151 840 1273 899 sint,
1328 833 1418 892 aut
1453 843 1617 892 detra-

317 923 459 963 ctura
507 911 571 962 fit
617 915 857 978 opinioni
898 917 1071 965 minus
1115 917 1341 966 liberalis
1389 919 1614 968 materia.

312 989 452 1037 Nam
496 999 547 1037 et
588 988 909 1055 suscipiendi*
938 992 1068 1040 ratio
1104 991 1359 1052 justiffima
1391 991 1464 1041 est
1499 990 1616 1041 offi-

314 1065 480 1122 cium,
540 1075 590 1112 et
628 1065 913 1129 optandum
952 1068 1127 1124 etiam,
1176 1077 1237 1116 ut
1271 1069 1421 1116 amici
1459 1084 1616 1132 quam

312 1141 558 1188 minimas
596 1141 715 1188 lites
754 1140 1000 1190 habeant:
1049 1152 1099 1189 et
1128 1142 1334 1190 abunde
1365 1141 1495 1191 dixit
1526 1143 1615 1191 be-

259 1226 286 1265 8
314 1231 397 1271 ne,
436 1215 674 1278 quisquis
705 1215 782 1263 rei
809 1213 1059 1266 satisfecit.
1137 1218 1203 1264 At
1227 1217 1440 1281 quidam
1457 1218 1616 1265 'etiam

311 1287 355 1336 si
386 1285 520 1337 fofte
551 1288 881 1353 susceperunt
916 1291 1122 1355 negotia
1147 1292 1302 1354 paulo
1341 1291 1406 1340 acl
1441 1291 1615 1340 dicen-

313 1363 443 1413 dum
469 1365 733 1422 tenuiora,
771 1365 1350 1415 extrinsecusadductis
1375 1382 1433 1415 ea
1457 1362 1613 1416 rebus

311 1564 419 1598 agore
449 1563 523 1586 om.
557 1552 686 1587 Turio.
719 1564 752 1587 c·
780 1551 880 1587 Alm.
1101 1552 1279 1600 dispice-nt
1301 1553 1405 1600 causa
1426 1566 1461 1600 p.
1485 1553 1614 1588 'rm-ie.

311 1606 578 1653 displicentiam
604 1608 656 1655 pl.
688 1607 818 1654 Camp.
848 1609 997 1651 (natum
1027 1619 1074 1641 ex
1100 1607 1333 1656 ¹compendio
1360 1610 1434 1654 E).
1465 1620 1509 1644 επ
1533 1622 1613 1644 cau-

302 1659 386 1708 sam
407 1660 444 1710 si
473 1662 568 1709 quod
599 1662 729 1698 Turio.
779 1661 817 1710 si
845 1662 947 1697 Flor.
978 1662 1101 1698 etiam.

423 1768 459 1801 7.
489 1773 552 1794 nec
581 1761 657 1796 ullo
687 1761 815 1796 'rm-ic.
846 1761 941 1798 Jenr.
974 1769 1011 1795 et
1039 1759 1122 1795 edd.
1150 1761 1242 1807 post.
1277 1772 1360 1796 ante
1393 1762 1484 1797 Bad.
1542 1764 1615 1796 Pte-

307 1824 414 1861 cepta
446 1814 629 1862 scriptura
660 1815 826 1863 digitum
854 1815 1022 1850 intendit
1048 1815 1092 1849 in
1121 1826 1242 1851 certos
1273 1826 1464 1857 oratorem
1502 1816 1615 1852 altera

309 1869 450 1904 fortior
478 1870 644 1912 videtur,
675 1884 797 1919 neque
826 1871 947 1919 parcit
974 1870 1121 1908 iisdem.
1181 1872 1328 1919 Anceps
1367 1869 1614 1907 deliberatiox

310 1925 351 1959 in
383 1937 455 1971 qua
481 1925 590 1961 satius
626 1926 721 1962 duxi
751 1926 1011 1963 auctoritatem
1045 1926 1150 1972 sequi
1178 1924 1460 1973 plurimorum,
1515 1925 1615 1961 illud

310 1990 436 2014 tamen
469 1981 582 2017 etiam
611 1992 813 2029 reputans,
845 1981 972 2029 quod,
1005 1981 1035 2015 si
1063 1981 1138 2015 ullo
1167 1980 1333 2028 legatur,
1371 1980 1617 2016 neceffarium

309 2034 355 2069 fit
380 2035 539 2081 jungere
569 2036 742 2078 „fastidio
772 2050 844 2072 non
873 2037 1045 2084 agendi“‚
1096 2036 1200 2083 quod
1236 2035 1434 2072 insolitum
1462 2035 1616 2072 videba-

310 2099 395 2129 ταῖς
429 2102 530 2124 nunc
560 2105 631 2126 non
660 2092 794 2139 agendi
822 2102 998 2139 tanquam
1029 2104 1096 2138 per
1123 2091 1396 2139 appositionem
1427 2090 1616 2137 adjectum

307 2144 358 2179 est
387 2144 433 2178 ad
461 2144 554 2181 haec
583 2147 647 2182 illo
671 2145 839 2194 fastidio.
1009 2146 1191 2181 laboravit:
1219 2146 1346 2181 Turic.
1376 2145 1476 2181 Flor.
1535 2159 1614 2181 ora-

308 2207 365 2234 tor
396 2212 471 2235 om.
500 2201 569 2237 iid.
601 2214 687 2238 cum
717 2201 818 2238 Alm.
931 2216 1038 2251 quam
1066 2214 1137 2250 pro
1167 2211 1340 2249 tanquam
1370 2200 1484 2236 Goth.
1519 2204 1610 2244 (err.

305 2255 441 2297 Gesn.)
469 2266 656 2304 quamtum
681 2259 777 2296 Jens.
829 2256 917 2305 sunt
935 2258 1064 2292 Turio.
1087 2256 1188 2292 Ποῖ.
1293 2254 1515 2304 suspiciendi
1534 2256 1613 2294 Tm

304 2309 373 2344 ric.
489 2311 576 2346 bene
604 2315 666 2362 qui
693 2315 744 2348 rei
771 2313 895 2347 Guelf.
928 2326 958 2348 c.
987 2310 1086 2349 Van·
1128 2311 1244 2346 Goth·
1274 2311 1376 2347 Voff-
1409 2320 1444 2348 2·
1487 2312 1608 2347 Stoel‘·

305 2374 342 2400 et
373 2365 456 2401 edd.
485 2365 579 2415 post·
607 2379 692 2403 ante
722 2368 822 2403 Gibs.
931 2366 1119 2416 satisfacit
1149 2367 1278 2401 Turio.
1313 2367 1440 2415 Camp.
1544 2364 1547 2365 ⁷

415 2471 452 2510 8.
497 2468 607 2503 eciam
636 2471 697 2516 qui
717 2467 822 2515 forte
851 2467 945 2503 Obr.
980 2467 1057 2501 fine
1087 2468 1202 2501 causa.
1251 2465 1471 2515 susceperint
1491 2446 1607 2500 Geth.

303 2531 340 2556 et
372 2520 455 2556 edd.
485 2532 570 2559 ante
599 2526 718 2559 Stoer.
778 2524 928 2570 paulum
957 2521 1082 2556 Guelf.
1114 2521 1212 2558 Van.
1241 2521 1357 2557 Goth.
1386 2520 1483 2559 Jens.
1513 2522 1602 2563 (tac.

302 2576 428 2621 Gesn.)
460 2587 497 2612 et
524 2579 606 2615 edd.
635 2579 728 2629 post.
755 2588 838 2613 ante
867 2578 953 2612 Ald.
989 2589 1062 2612 acc.
1091 2576 1182 2614 Bad.
1202 2572 1348 2625 Gryph.
1406 2574 1567 2611 adductis
1584 2588 1610 2609 a

363 2761 399 2795 7.
420 2751 484 2786 illo
498 2749 799 2799 fastidio—non
822 2752 967 2800 agendi.
995 2751 1074 2788 vid.
1101 2762 1181 2788 not.
1206 2751 1290 2786 crit.
1358 2773 1363 2778 ·
