1676 3028
266 317 361 362 372
578 303 652 348 M.
681 303 812 347 ΕΑΒ.
849 301 1252 361 QUINTILIANI

265 427 592 492 eloquentiae
603 426 824 488 ingruat,
839 439 994 488 quam
1012 440 1142 488 quae
1153 425 1319 474 emitti
1330 421 1568 474 faucibus

266 502 436 570 posfit.
511 498 596 548 Est
624 500 736 548 aliis
761 499 1038 548 concursus
1072 500 1199 558 oris,
1236 510 1287 548 et
1313 517 1432 548 cum
1451 516 1569 548 ver-

268 578 348 626 bis
380 575 484 624 suis
517 575 827 623 colluctatio.
906 578 1010 628 Jam
1040 573 1232 632 tuffire,
1270 585 1322 623 et
1346 590 1567 640 expuere

271 651 451 699 crebro
463 685 477 706 ‚
514 660 567 697 et
587 650 648 697 ab
669 650 778 698 imo
795 649 1048 715 pulmone
1068 650 1311 715 pituitam
1330 649 1571 698 trochleis

270 724 553 782 adducere,
591 734 641 772 et
665 726 770 773 oris
800 724 1024 773 humore
1045 725 1310 789 proximos
1326 722 1572 788 spargere,

268 810 321 847 et
347 804 595 860 majorem
622 810 821 864 partem
850 798 1058 863 spiritus
1084 800 1141 847 in
1175 798 1443 862 loquendo
1477 788 1661 864 perimo

268 892 418 924 nares
446 871 730 932 effundere,
741 873 939 922 etiamsi
958 891 1068 922 non
1088 875 1274 938 utique
1291 875 1435 923 vocis
1456 872 1576 921 sunt

269 951 425 1009 vitia3
482 950 605 1013 quia
641 960 813 998 tamen
852 959 1066 1013 propter
1099 943 1297 998 vocem*
1319 947 1576 1005 accidunt,

199 1041 250 1081 57
275 1025 587 1091 potiffimum
617 1024 744 1074 huic
763 1025 880 1074 loco
901 1023 1248 1084 subjiciantur.
1291 1023 1390 1072 Sed
1411 1022 1577 1087 quod-

269 1175 382 1215 gruat
410 1168 527 1211 major
555 1181 663 1216 quam
691 1168 811 1215 quac?
839 1166 932 1202 item
955 1175 1090 1202 cumure
1113 1179 1183 1217 pro
1204 1166 1352 1203 humore
1369 1178 1455 1202 cum
1474 1163 1572 1200 Alm.

272 1224 420 1257 immitti
431 1221 546 1257 Goth.
565 1235 636 1270 pro
658 1225 785 1258 emitti.
833 1223 988 1256 Mecum
1013 1235 1165 1270 expuere
1187 1224 1316 1270 Camp.
1334 1232 1370 1256 et
1389 1221 1472 1256 edd.
1489 1231 1574 1256 ante

271 1277 374 1313 Gibs.
403 1275 561 1324 Reliqui
580 1278 602 1310 S
621 1277 807 1316 inserunt,
836 1289 905 1311 nec
932 1277 1052 1312 Codd.
1072 1277 1246 1312 recedere
1265 1287 1475 1315 narrantur,
1503 1275 1577 1310 niti

272 1331 382 1380 quod
412 1331 529 1367 Goth.
563 1328 649 1374 (tac.
674 1331 800 1374 Gesn.)
819 1340 854 1366 et
875 1330 1018 1380 spuere.
1040 1330 1163 1367 Guelf.
1187 1333 1317 1380 Camp.
1339 1330 1481 1366 trocleis
1499 1329 1577 1364 fine

273 1386 498 1434 aspiratione
527 1398 614 1422 cum
646 1386 729 1422 edd.
761 1397 844 1421 ante
871 1385 1016 1433 Gryph.
1047 1399 1124 1422 exc.
1156 1387 1270 1422 Tarv.
1345 1385 1463 1422 Paulo
1493 1395 1577 1420 ante

273 1442 370 1478 alius
395 1439 466 1488 Pro
494 1442 579 1476 aliis
607 1442 702 1479 Jens.
734 1440 820 1485 (tac.
843 1442 941 1484 Ges.)
970 1454 1056 1476 cum
1079 1441 1163 1478 edd.
1184 1442 1339 1488 posterr.
1363 1451 1446 1476 ante
1465 1439 1576 1475 Bam.

273 1507 354 1530 exc.
385 1494 499 1532 Aldo.
531 1504 568 1530 et
599 1506 682 1530 ante
708 1497 792 1530 aliis
821 1495 952 1530 inserit
980 1508 1154 1530 meorum
1184 1494 1280 1531 solus
1301 1494 1447 1542 Gryph.
1505 1493 1579 1529 Sed

271 1549 376 1587 Voss'.
410 1561 443 1585 1.
473 1557 510 1592 3.
540 1547 608 1597 Efi
637 1564 681 1584 en
710 1550 761 1585 al.
985 1550 1178 1596 loquendo.
1218 1549 1280 1584 Sic
1310 1550 1441 1584 Turio.
1473 1547 1577 1583 Flor-

271 1605 406 1640 Ambr.
428 1612 464 1639 2.
496 1604 611 1639 Goth.
633 1606 729 1642 Jens.
754 1605 837 1645 (tac.
861 1604 985 1646 Gesn.)
1004 1604 1115 1639 Tarv.
1135 1617 1222 1638 cum
1242 1603 1340 1638 Alm.
1359 1603 1460 1641 Voss'.
1485 1615 1518 1639 2.
1541 1613 1579 1639 et

272 1659 359 1695 edd.
379 1669 463 1694 ante
485 1659 592 1693 Bam.
614 1671 692 1694 exc.
717 1660 845 1706 Camp.
875 1658 1031 1706 Reliqui
1052 1659 1264 1706 eloquendo.
1302 1660 1355 1694 Ut
1373 1659 1483 1694 toties
1503 1659 1578 1693 elo-

273 1715 337 1762 qui
357 1713 592 1761 reposuimus
618 1714 690 1758 (cf.
711 1713 737 1749 l.
763 1726 799 1760 9.
822 1711 1026 1757 exn·.)‚3ta
1044 1713 1110 1747 hic
1132 1713 1289 1748 vicissim
1312 1713 1579 1762 expellendum

275 1779 365 1804 erat.
579 1767 742 1816 spiritus.
762 1768 893 1802 Ambr.
910 1776 946 1800 2.
959 1767 1142 1816 spiritum,
1174 1778 1210 1802 et
1229 1767 1277 1802 fic
1298 1781 1316 1803 e
1336 1769 1458 1804 veteri
1475 1768 1577 1804 libro

275 1821 472 1858 Salmasius
501 1823 549 1858 ad
571 1822 732 1859 Tertull.
757 1823 802 1857 de
824 1821 915 1856 Pall.
934 1834 971 1870 p.
999 1822 1086 1868 164.
1109 1822 1178 1869 qui
1197 1832 1322 1858 tamen
1343 1822 1440 1857 hanc
1456 1823 1499 1857 in
1521 1835 1580 1858 ac-

274 1878 444 1913 cusativo
486 1877 681 1912 duriorem
717 1879 939 1914 structuram
973 1876 1156 1924 exemplis
1187 1889 1266 1912 non
1293 1878 1440 1925 probat.
1483 1878 1582 1912 Mox

275 1932 405 1968 Turio.
438 1931 538 1967 Flor.
563 1946 633 1980 qua
661 1941 799 1974 tamen,
830 1932 1026 1979 iidemque
1050 1932 1232 1967 omittunt
1251 1933 1428 1968 accidunt.
1450 1933 1580 1981 Camp-

275 1989 374 2022 vocis
382 1986 474 2035 sint.
1346 2018 1347 2021 ,

361 2049 425 2087 57.
456 2042 541 2080 Sed.
570 2042 699 2078 Turio.
729 2043 832 2079 Flor.
853 2041 907 2091 se.
945 2043 1043 2077 Mox
1075 2042 1205 2077 Turie.
1232 2041 1364 2079 Ambr.
1386 2050 1423 2077 2.
1452 2043 1484 2077 is
1508 2053 1581 2092 pro

336 2163 399 2208 56.
430 2162 616 2211 concursus
644 2166 728 2200 oris.
762 2165 809 2200 cf.
841 2175 904 2203 ιο.
959 2164 1207 2212 suspicionem
1231 2165 1380 2213 primus
1397 2174 1585 2200 memorat

277 2228 316 2263 7,
337 2225 374 2263 8.
403 2219 496 2254 item
517 2219 582 2253 hic
602 2218 634 2263 §-
662 2230 752 2256 121.
959 2219 1188 2254 Laurentius
1225 2219 1333 2260 Valla
1371 2219 1472 2268 apud
1515 2221 1585 2255 Ba-

335 2274 512 2309 trochleis.
548 2274 683 2309 Fateor
725 2274 822 2310 hanc
860 2274 904 2308 si-
962 2273 1091 2315 dium,
1139 2274 1193 2309 ita
1228 2285 1352 2310 tamen
1385 2285 1434 2322 ut,
1468 2275 1585 2325 ipsius

276 2327 539 2365 militudinem
594 2329 792 2378 abruptius
846 2331 905 2364 in·
960 2328 1066 2363 fuiffe
1085 2328 1188 2363 haud
1207 2343 1314 2378 aeg-re
1333 2330 1516 2378 agnoscas.

279 2385 431 2420 ductam
469 2384 608 2419 videri.
710 2387 906 2432 Reponam
1016 2386 1202 2430 proximos
1213 2385 1397 2433 spargere.
1438 2383 1585 2425 „Abh-

282 2439 460 2487 equidem
493 2439 598 2485 quod
629 2439 738 2474 facile
758 2440 905 2475 excide·
960 2449 1059 2485 „gat
1086 2451 1156 2474 nos
1183 2441 1248 2475 hic
1274 2441 1510 2474 Burmannus
1539 2438 1585 2472 ad

281 2494 346 2530 bat
382 2494 493 2529 velut.
564 2494 643 2541 Qui
677 2505 802 2529 autem
841 2494 906 2529 hic
961 2494 1056 2532 „sua
1075 2493 1117 2528 in
1133 2496 1257 2530 Petro.
1277 2506 1309 2529 c.
1325 2499 1390 2538 44.
1413 2493 1584 2530 observa-

237 2588 240 2591 >
282 2547 432 2595 aliquid
462 2557 624 2588 tentant,
654 2549 801 2583 tracheis
823 2549 907 2585 sub·
960 2572 983 2586 ‚‚
995 2558 1028 2582 ta
1041 2559 1076 2582 et
1088 2547 1212 2584 Schol.
1224 2547 1410 2595 Aristoph.
1423 2548 1584 2585 Acharn.

282 2602 433 2638 stituere
446 2603 636 2639 suadentes
647 2616 716 2652 pro
730 2605 905 2644 trochleis,
960 2626 985 2642 „
1003 2615 1017 2635 ι
1031 2609 1142 2649 1495*
1163 2605 1354 2638 Gesnerus'.
1384 2604 1479 2638 Add.
1496 2605 1586 2640 Cre·

284 2658 332 2692 ad
361 2669 484 2706 partes
521 2660 666 2694 vocatis
702 2659 904 2694 Macrobio
960 2655 1039 2692 roll.
1053 2658 1390 2694 Vacatt.Autumn.
1410 2669 1448 2701 2,
1463 2669 1499 2704 7,
1523 2665 1584 2706 ²4·

282 2712 351 2757 (7,
386 2712 478 2757 15.)
507 2723 544 2747 et
563 2713 688 2749 Gellio
705 2708 789 2764 (17,
813 2715 905 2757 ih),
961 2723 998 2759 p.
1020 2717 1110 2756 245.

285 2765 387 2802 nihil
402 2768 554 2817 prorsus
575 2779 712 2817 agunt;
743 2779 911 2817 quorum
