1676 3028
297 187 460 234 INST.
499 182 777 231 ORATOR.
813 181 935 229 LIB.
969 180 1066 237 xl,
1106 194 1150 225 1.
1297 181 1397 238 267

56 327 230 386 patres
296 315 452 363 etiam
505 283 782 375 filiosque,
861 325 985 358 cum
1045 305 1404 356 interveniffet

54 392 445 459 §mancupatim
483 390 743 454 litigatum
764 384 884 435 scio.
961 388 1022 434 In
1048 385 1162 434 aliis
1183 401 1402 450 quoque
1428 401 1481 439 65

53 467 552 539 propinquitatibus
584 462 987 515 custodiendum
1017 460 1105 520 est,
1143 472 1203 519 ut
1230 463 1323 510 inv
1327 462 1406 520 iti,

63 558 118 596 et
175 542 472 601 necessaria,
543 552 595 591 et
646 557 798 628 parce
849 539 1150 603 judicemur
1196 537 1404 601 dixiffe'g:

63 624 233 689 magis
263 632 439 671 autem
470 629 560 668 aut
586 619 787 676 minus,
840 628 902 667 ut
930 618 1140 683 cuique
1155 615 1407 682 personae

67 699 293 749 debetur
323 697 629 747 reverentia.
706 693 901 744 Eadem
940 712 1039 761 pro
1084 695 1286 743 libertis
1319 693 1408 742 ad-

67 775 251 825 versus
292 785 543 841 patronos
589 771 931 826 observantia
1038 774 1103 820 Et
1151 782 1212 821 ut
1248 769 1409 820 semel

67 853 223 921 plura
248 851 579 916 complectar,
603 866 880 923 nunquam
906 848 1112 897 decebit
1133 847 1204 897 sic
1227 848 1412 898 adver-

69 928 156 981 sus
180 928 322 977 tales
315 943 478 992 agere
507 916 768 992 personas,
806 925 1079 990 quomodo
1113 937 1292 975 contra
1314 938 1413 975 nos

68 1005 150 1071 agi
167 1005 229 1052 ab
254 1002 565 1052 horninibus
599 1002 921 1051 conditionis
956 1002 1234 1063 ejusdem
1220 1004 1412 1067 iniquo

66 1081 244 1131 animo
272 1077 575 1129 tulissemus.
652 1077 943 1127 Praestatur
982 1081 1086 1128 hoc
1119 1079 1407 1144 aliquando
1435 1090 1486 1136 67

66 1159 224 1207 etiam
259 1151 626 1223 dignitatibus,
660 1166 724 1206 ut
750 1156 1006 1205 libertatis
1040 1154 1246 1207 nostrae
1274 1159 1408 1208 ratio

154 1313 421 1360 emancupati‘o.
455 1311 518 1347 Sic
541 1311 673 1347 Tui-ic.
693 1310 854 1359 Reliqui
872 1311 1130 1359 emancipatio.
1154 1311 1200 1346 cf.
1225 1311 1260 1350 6,
1288 1324 1322 1352 1,
1345 1317 1410 1356 44.

71 1367 171 1404 Mox
191 1368 294 1404 idern
325 1368 503 1415 litigatus.

157 1424 220 1460 66.
251 1422 458 1474 necffaria
491 1423 708 1460 SicT1u·ie.
740 1423 844 1459 Flor.
867 1425 998 1472 Camp.
1019 1425 1230 1461 cnmAlm.
1251 1425 1413 1474 Reliqui

69 1478 278 1534 necoffario.
322 1480 446 1515 Iidem
475 1493 570 1516 mox
598 1488 724 1527 parte,
768 1493 853 1515 cum
883 1482 982 1518 Jens.
1023 1486 1114 1527 (tac.
1131 1482 1263 1526 Gesn.)
1294 1483 1411 1518 Taw.

70 1536 287 1584 corrigente
321 1537 458 1584 Regio.
691 1536 842 1572 libertis.
884 1535 988 1572 Flor.
1028 1536 1066 1585 (a
1091 1551 1148 1586 pa.
1171 1539 1246 1585 m.)
1282 1538 1411 1574 Guelf.

69 1593 163 1629 Exe.
193 1593 343 1628 Santen.
375 1593 566 1631 libertatis.
797 1603 989 1642 patronos.
1020 1594 1154 1630 Ambr.
1179 1605 1214 1630 2.
1252 1595 1290 1640 (ι
1295 1594 1412 1630 elicto

70 1647 270 1695 aliquanto
293 1647 461 1691 lacunae,
485 1664 572 1686 cum
593 1651 702 1700 supra
722 1649 786 1695 65.
819 1663 892 1700 pro
922 1652 1075 1697 patroni
1106 1650 1266 1687 dedisset
1284 1645 1415 1704 patro)

69 1704 315 1741 Guelf.'Exe.
350 1708 500 1744 Santen.
530 1721 607 1743 nos.
639 1706 743 1743 Flor.
776 1717 969 1755 patronus·
1225 1707 1412 1758 personas.

69 1761 201 1796 Turio.
231 1760 336 1798 Flor.
363 1761 549 1811 pensonis5
574 1763 642 1798 ille
663 1763 783 1800 modo
807 1763 846 1812 si
874 1776 945 1811 pro
967 1763 1035 1813 sic.

158 1816 221 1860 67.
277 1819 390 1853 otiam
425 1819 682 1866 dignitatibus.
735 1820 870 1856 Turio.
898 1820 1032 1857 inserit
1061 1814 1101 1857 αἲ
1147 1820 1215 1864 (cf.
1249 1824 1283 1868 §.
1318 1823 1415 1865 24),

71 1874 206 1921 Camp.
235 1874 306 1910 vel.
335 1874 468 1910 Ambr.
504 1886 540 1911 2.
573 1875 700 1912 Guelf.
726 1879 859 1912 Ioann.
891 1881 989 1921 (tac.
1014 1877 1137 1922 Gibs.)
1168 1891 1198 1912 e.
1229 1878 1417 1924 dignatio·

70 1929 178 1965 nibus
217 1943 305 1966 cum
339 1931 437 1968 Jens.
478 1942 516 1967 et
551 1933 635 1968 edd.
666 1933 823 1980 posterr.
857 1944 941 1969 ante
969 1932 1056 1969 Ald.
1088 1936 1312 1970 Burmanno
1341 1933 1418 1969 hoc

72 1985 268 2034 probanti,
305 1987 394 2035 quia
415 1988 518 2035 saepe
542 1989 635 2024 haec
654 1989 780 2024 forma
812 1990 853 2025 in
875 1990 990 2026 bonis
1020 1990 1142 2026 Codd.
1163 1990 1337 2025 succedat
1356 1988 1420 2024 illi

75 2040 188 2078 alteri
209 2043 275 2086 (de
298 2055 376 2091 quo
401 2044 448 2078 cf.
470 2045 667 2081 Drakenb.
695 2046 740 2080 ad
763 2046 852 2082 Liv.
879 2057 922 2086 2,
957 2046 1019 2087 16.
1058 2049 1112 2091 5.)
1144 2059 1224 2081 non
1246 2046 1423 2081 accedam

75 2096 120 2131 in
139 2099 332 2139 notione,
382 2099 506 2146 qualis
538 2100 603 2135 hic
633 2101 701 2140 est,
722 2099 934 2142 ἐοηενεεα,
997 2113 1041 2138 ut
1070 2115 1158 2138 cum
1192 2101 1421 2137 Dialecticis

75 2153 214 2189 nostris
237 2153 388 2202 loquar.
410 2156 629 2192 Turicensis
657 2157 766 2193 illam
792 2158 1135 2206 interpolationem
1171 2158 1237 2194 hic
1256 2171 1348 2199 non,
1380 2169 1424 2194 ut

77 2207 183 2250 alias,
213 2209 383 2247 indicem
408 2211 576 2248 diversae
597 2214 804 2262 scripturae
829 2215 989 2264 accipio,
1020 2228 1159 2252 verum
1188 2214 1274 2251 aliis
1302 2215 1423 2251 inter·

132 2347 211 2369 cum
260 2334 503 2385 interm-enssin
552 2352 722 2374 emancu-
775 2337 949 2388 „causari
1007 2339 1176 2390 adversus
1241 2343 1425 2389 patrem.“

73 2392 194 2440 patio.
250 2392 358 2438 „Qui
393 2393 495 2428 enim
525 2394 617 2431 alias
639 2394 720 2449 ligi·
778 2396 977 2433 Gesnerus.

75 2458 210 2494 „garet
235 2459 324 2493 cum
353 2460 459 2497 patre
494 2449 617 2493 silius,
651 2453 720 2501 qui

74 2502 146 2543 „in
170 2504 288 2552 ipfius
309 2505 491 2552 potestate
518 2506 599 2543 est?
631 2510 720 2545 Huc
792 2555 794 2558 y
837 2509 900 2554 67.
927 2507 1209 2558 Praestatur—
1227 2512 1421 2561 dignitati-

76 2560 272 2607 „pertinet
295 2560 522 2599 Afranianae
564 2563 720 2601 fabulae
779 2566 854 2601 bus.
894 2567 1006 2602 Prius
1039 2568 1085 2604 ef.
1118 2570 1163 2606 ad
1197 2579 1243 2610 2,
1278 2579 1350 2612 17,
1383 2579 1420 2605 2.

79 2613 268 2660 §titulum
299 2630 412 2664 quem
442 2621 563 2656 modo
591 2621 720 2658 lauda·
779 2624 994 2670 Dignitates
1019 2635 1145 2661 autem
1175 2626 1359 2662 dicuntur
1380 2634 1424 2660 ut

78 2669 233 2708 „rimus
253 2674 418 2710 exNon.
443 2687 480 2715 2,
509 2685 597 2721 157.
618 2679 721 2715 Nam
777 2676 979 2728 potestates
1008 2693 1080 2729 pro
1124 2682 1353 2719 hominibus
1381 2681 1423 2716 in

83 2723 358 2776 „Emancipato
421 2732 582 2770 demum
630 2734 723 2772 licet
779 2736 907 2785 aliqua
960 2737 1146 2787 dignitate
1193 2739 1424 2778 constitutis,
