1676 3028
255 288 348 332 332
559 277 634 322 Μ.
668 278 799 323 FAB.
840 259 1244 337 QUINTILIANI
1307 287 1309 289 ·

255 411 363 450 tum
403 401 460 448 in
501 401 683 447 animis
719 400 917 457 valent3
967 417 1084 448 cum
1115 403 1339 465 pictura,
1386 411 1555 450 tacens

253 494 405 540 opus,
447 486 498 523 et
520 475 728 522 habitus
752 472 948 539 semper
971 476 1229 536 ejusdem,
1265 476 1336 525 sic
1356 477 1414 524 in
1431 477 1553 524 inti-

250 568 364 600 mos
386 560 620 614 penetret
651 545 886 606 affectus,
931 561 991 599 ut
1023 550 1183 614 ipsam
1207 552 1317 599 vim
1346 550 1643 602 dicendi1015

250 641 632 688 nonnunquam
672 623 908 689 superare
956 625 1207 674 videatur.
1286 628 1479 676 Contra
1514 624 1555 672 [i

251 699 418 764 gestus
436 716 492 746 ac
514 701 693 748 vultus
718 701 778 746 ab
802 701 1034 749 oratione
1056 699 1360 766 diffentjant‚
1395 698 1552 748 tristia

251 775 481 823 dicamus
514 775 730 831 hilares,
780 774 1092 825 affirmemus
1132 777 1302 840 aliqua
1330 791 1554 824 renuen-

251 860 350 899 tes:
404 868 515 899 non
546 852 819 900 auctoritas
854 850 1015 900 modo
1050 851 1247 908 verbis,
1290 850 1379 898 sed
1408 852 1557 898 etiam

250 923 384 974 fides
431 924 572 974 desit.
661 928 836 976 Decor
873 942 1082 990 quoque
1120 944 1148 973 a
1176 926 1320 992 gestu
1352 936 1504 989 atque
1533 941 1562 971 a

180 1011 230 1056 63
254 1011 404 1050 motu
444 1002 601 1049 venit.
689 1001 916 1066 Ideoque
959 1001 1332 1050 Demosthenes
1368 999 1560 1065 grande

251 1076 513 1140 quoddam
538 1077 747 1125 intuens
766 1075 1048 1141 speculum,
1068 1092 1380 1142 componere
1400 1075 1557 1123 actio-

246 1168 372 1200 -nem
394 1150 599 1212 solebat.
661 1151 830 1208 Adeo,
863 1153 1098 1214 quamvis
1121 1152 1297 1216 fulgor
1319 1151 1408 1217 ille
1434 1148 1556 1197 sini-

250 1226 373 1275 stras
403 1227 652 1290 imagines
671 1226 866 1283 reddat,
906 1226 1012 1275 suis
1034 1226 1247 1275 demum
1267 1226 1432 1274 oculis
1450 1241 1557 1272 cre-

248 1301 408 1358 didit,
459 1301 606 1365 quod
639 1300 881 1349 efficeret.
960 1303 1304 1368 Praecipuum
1340 1315 1466 1348 vero
1498 1300 1556 1346 in

247 1378 464 1433 actione,
502 1375 631 1425 sicut
650 1378 707 1425 in
732 1375 1102 1442 corporelipsQ
1145 1386 1298 1441 caput
1321 1373 1406 1432 est,
1438 1389 1556 1423 cum

246 1452 310 1500 ad
340 1453 518 1508 illum,
559 1451 623 1498 de
656 1469 763 1516 quo
787 1451 920 1508 dixi,
960 1452 1229 1510 decorem,
1266 1461 1381 1500 tum
1402 1451 1556 1498 etiam

245 1602 348 1639 Flor.
372 1601 501 1649 Camp.
524 1603 560 1636 in
579 1602 703 1637 habitu
721 1614 792 1650 pro
814 1603 957 1637 habitus
976 1615 1061 1638 cum
1072 1602 1195 1643 Abu-3
1224 1611 1261 1637 et
1278 1601 1406 1649 Camp.
1430 1600 1556 1638 eodem

246 1670 412 1706 quoque.
456 1659 492 1691 in
528 1667 612 1692 ante
647 1659 792 1692 intimos
821 1658 1004 1693 omittunt
1030 1658 1146 1694 Goth.
1180 1658 1277 1695 Jens.
1311 1659 1397 1699 (tac.
1429 1655 1555 1698 Gesn.)

247 1714 377 1760 Camp.
399 1725 484 1747 cum
505 1711 727 1749 Vall.⁴Voff.
746 1721 782 1754 5.
806 1713 915 1747 Colb.
937 1714 1050 1748 Tarv.
1071 1714 1116 1747 ab
1138 1720 1282 1747 oratore
1302 1711 1431 1747 Turio.
1451 1710 1554 1745 Flor.

241 1768 376 1814 camp.
404 1779 490 1802 cnm
519 1765 619 1802 Alm.
640 1767 756 1801 Goth.
780 1767 844 1810 (cf.
865 1767 959 1813 65.).
990 1767 1061 1802 Sed
1080 1766 1209 1802 Turic.
1239 1765 1341 1802 Flor.
1365 1765 1555 1802 Ambiua-

246 1821 432 1870 d{ffe11tiat
450 1821 556 1868 (cum
577 1822 677 1858 Voff.
703 1837 737 1858 1.
758 1824 828 1866 5.),
856 1822 974 1856 iidem
994 1834 1141 1870 praeter
1167 1823 1297 1869 Camp.
1326 1822 1413 1869 (qui
1436 1820 1555 1855 modo

246 1888 309 1913 aut
336 1890 406 1925 pro
440 1878 500 1920 ac)
533 1874 691 1924 tristicia.
749 1879 847 1912 Mox
873 1888 955 1912 ante
980 1887 1080 1913 motu
1100 1877 1416 1926 praepositionem
1442 1875 1556 1912 omit·

245 1943 332 1968 tunt
350 1933 480 1968 Turio.
494 1931 595 1966 Flor.
614 1932 746 1968 Ambr.
761 1941 796 1968 2.
825 1932 969 1973 Guelf.;
996 1933 1246 1968 inserentibus
1272 1933 1403 1967 Burm.
1426 1943 1554 1966 accen-

245 1988 298 2022 set
326 1987 425 2023 Alm.
457 1987 562 2034 quod
591 1988 724 2023 miror.
781 1989 889 2035 Ego,
922 1988 1094 2034 quamvis
1126 1987 1320 2035 operosior
1340 1986 1405 2021 hic
1427 1980 1555 2022 videri

245 2042 359 2091 possit
375 2042 552 2089 repetitio
574 2043 874 2090 praepositionis,
898 2044 1059 2077 summae
1078 2043 1310 2078 auctoritatis
1331 2041 1435 2077 testes
1451 2040 1556 2090 [equi

245 2110 326 2132 non
348 2098 490 2138 audeo,
522 2110 608 2132 cum
638 2107 747 2145 atque
774 2108 930 2146 propter
953 2098 1167 2146 sequentem
1195 2096 1367 2134 vocalem
1387 2097 1554 2145 positum

245 2153 446 2190 videatur:
485 2152 531 2187 cf.
555 2164 592 2200 9,
617 2159 652 2196 4,
678 2162 766 2196 137.
1546 2167 1548 2169 >

330 2230 392 2274 63.
423 2230 618 2279 quoddam.
650 2231 778 2266 Turio.
792 2230 885 2266 huic
906 2231 996 2267 voci
1016 2230 1226 2279 praemittit
1239 2231 1403 2266 condam.
1424 2231 1554 2279 Camp-

246 2298 318 2334 pro
351 2286 478 2319 eadem
512 2299 663 2334 quoque.
711 2288 784 2321 Pro
812 2286 942 2333 fulgor
969 2286 1070 2322 Flor.
1101 2286 1232 2333 vulgor
1260 2286 1332 2330 (cf.
1358 2287 1394 2325 6,
1414 2295 1451 2330 5,
1480 2290 1554 2333 9.)-

246 2341 332 2374 Post
360 2341 422 2374 ille
453 2341 622 2375 inserunt
653 2342 688 2374 in
716 2341 848 2376 Ambr.
873 2353 908 2376 2.
945 2342 1070 2376 Guelf.
1106 2355 1190 2376 cum
1215 2342 1312 2378 Jens.
1343 2352 1379 2376 et
1396 2341 1550 2390 posterr.

248 2395 331 2431 edd.
354 2405 436 2430 ante
448 2395 533 2429 Ald.
553 2396 610 2429 [ed
635 2397 760 2431 excusi
772 2396 834 2432 iffi
855 2397 968 2432 etiam
991 2397 1114 2433 redeat
1134 2396 1197 2441 (de
1208 2396 1303 2434 Jens.
1326 2409 1396 2432 eu·-
1411 2395 1548 2438 Germ).

246 2451 320 2483 Pro
350 2449 428 2498 ipso
453 2449 555 2486 Flor.
580 2450 666 2499 ipse.
1189 2442 1199 2454 ’
1479 2440 1486 2454 ⁸

301 2580 366 2622 67.
394 2583 467 2617 vim
479 2583 622 2617 dicendi
631 2602 684 2610 —
687 2582 871 2631 superare.
919 2584 1117 2634 speculum.
1149 2584 1235 2622 Vid.
1255 2589 1402 2631 praeter
1425 2579 1551 2616 lauda-

245 2636 422 2671 Remittit
493 2639 872 2676 Pseudo-Turnebus
929 2652 987 2676 tos
1002 2642 1047 2676 ad
1074 2653 1133 2680 10,
1158 2649 1194 2682 5,
1220 2647 1293 2681 25,ι
1311 2635 1424 2683 APUl·
1441 2637 1550 2685 ΑΡΟῙ·

244 2689 426 2726 lectorem
448 2693 492 2726 ad
514 2693 550 2732 6,
577 2706 606 2734 ι,
631 2703 694 2736 52.
905 2685 964 2743 'p.
997 2704 1062 2740 37.
1091 2696 1160 2732 Ed.
1184 2693 1324 2731 Gentil.
1354 2699 1445 2738 235.
1487 2693 1552 2728 El·

304 2747 367 2791 68.
398 2747 650 2795 Demosthenes
670 2751 874 2796 grande-—
927 2752 1054 2788 menli.
