1676 3028
271 280 366 334 190
574 278 647 322 Μ.
694 278 824 321 FAB.
876 279 1286 339 QUtNTILIANI

266 416 397 464 quae
417 402 784 465 cogitaverant,
817 399 881 448 ad
903 401 1126 450 verbum
1146 403 1201 450 in
1225 405 1424 468 agendo
1447 419 1588 458 retu-

218 486 241 523 5
262 473 382 523 lisse.
483 475 582 523 Sed
626 474 667 521 si
707 474 843 522 forte
889 477 1076 541 aliquis
1122 479 1259 526 inter
1303 479 1586 531 dicendum

262 548 512 600 effulserit
532 549 894 614 extemporalis
912 554 1079 610 color,
1109 569 1218 601 non
1240 553 1586 620 superstitiose

259 700 359 738 esset,
390 699 563 746 indagari
587 700 728 747 potuit.
786 702 920 748 Longe
951 701 1051 736 enim
1088 701 1169 737 sane
1204 702 1301 738 abest
1328 705 1431 751 quod
1450 707 1583 743 Petrus

258 755 448 790 Gerardus
471 754 649 790 Dukerus
669 753 792 801 (libro
814 757 912 791 infra
932 758 1199 798 memorando)
1232 758 1459 794 demonstrat
1483 761 1584 808 apud.

256 810 477 856 Diogenem
515 811 713 845 Laeuium
754 812 989 846 mentionem
1031 812 1121 852 fieri
1148 813 1373 861 Eurylochi,
1434 814 1585 863 sceptici

256 863 344 907 (lib.
380 876 424 910 9,
456 865 561 909 68.),Δ
589 865 684 900 item
713 865 922 914 Eurylochi
950 866 1134 915 Lariſj‘aei
1164 869 1228 915 (2,
1261 868 1371 914 25),
1411 869 1584 906 hominis

255 919 421 955 Socratis
453 930 570 955 aetate
602 922 772 968 potentis
803 932 840 956 et
865 922 1017 966 divitis,
1049 923 1118 970 qui
1142 923 1308 959 Libanio
1337 923 1462 968 (Decl.
1500 926 1583 971 29.)

253 973 300 1008 sit
334 975 524 1022 Carystius
556 977 750 1018 (mendose
778 987 923 1016 tamen,
965 989 1007 1013 ut
1039 989 1139 1013 recte
1170 989 1303 1014 monet
1337 979 1579 1027 lVIenagius):

249 1039 289 1063 et
314 1029 391 1077 ipse
418 1030 494 1065 hoc
519 1032 685 1077 agnoscit
701 1023 897 1067 Dukerus.
947 1034 1061 1079 Quod
1080 1045 1205 1068 autem
1225 1034 1270 1067 ad
1289 1034 1441 1070 Aristot.
1466 1034 1581 1070 Polit.

249 1084 310 1127 (in
343 1085 538 1120 Addendis
568 1099 605 1133 p.
629 1087 740 1132 491.)
783 1087 1036 1122 Schneiderus
1055 1087 1299 1137 Eurypylum
1329 1101 1375 1124 ex
1394 1088 1579 1130 Aleuada-

246 1151 333 1173 rum
365 1139 510 1174 familia
548 1140 609 1184 (in
639 1154 717 1188 quo
752 1143 909 1188 quidem
949 1143 998 1177 est
1028 1144 1171 1190 patriae
1203 1156 1290 1178 cum
1319 1144 1446 1180 nostro
1473 1156 1577 1178 com-

246 1195 404 1237 munio)
437 1196 597 1230 ostendit
628 1197 728 1244 apud
755 1198 998 1234 Herodotum
1038 1210 1082 1244 9,
1113 1205 1178 1243 53,
1209 1199 1303 1232 item
1333 1199 1576 1247 Eurypylum

243 1249 464 1299 scriptorem
500 1252 600 1298 apud
622 1252 860 1286 Athenaeum
887 1267 948 1289 ιι.
979 1267 1014 1301 p.
1040 1260 1144 1296 508„
1175 1264 1217 1288 ut
1242 1263 1279 1288 et
1298 1253 1427 1301 plures
1449 1254 1575 1302 Eury-

242 1305 356 1352 pylos
378 1316 414 1340 et
433 1306 660 1354 Eurypylen
677 1307 720 1340 in
746 1307 983 1344 bibliotheca
1004 1307 1249 1354 Apollodori,
1281 1308 1369 1349 hoc,
1399 1309 1574 1356 inquam,

240 1359 381 1394 semina
411 1361 538 1395 saltem
573 1362 756 1408 quaedam
785 1362 900 1398 habet
927 1363 1178 1398 inveniendae
1199 1363 1346 1399 soitass'e
1366 1362 1572 1411 aliquando

239 1415 455 1461 probabilis
477 1416 522 1451 de
542 1416 618 1451 hoc
638 1417 765 1452 nostro
799 1429 996 1464 conjectui
999 1432 1050 1453 ae
1109 1417 1225 1453 Nihil
1251 1429 1442 1479 praeterea
1472 1419 1574 1467 apud

239 1469 321 1507 VV
344 1471 434 1505 DD.
457 1473 595 1518 reperi,
627 1485 696 1506 nec
717 1473 793 1518 ipse
816 1474 1036 1520 quidquam
1048 1474 1142 1507 erui.

326 1532 360 1567 5.
393 1526 535 1573 aliquis.
567 1526 828 1562 Tu1ic.Flo1.
867 1527 948 1569 (hic
973 1526 1168 1574 asec.n1.)
1200 1529 1316 1575 aliqui
1345 1542 1432 1564 cum
1464 1531 1570 1568 Voss'.

242 1589 276 1615 1.
301 1589 339 1622 5.
376 1582 502 1616 Burm.
525 1581 616 1614 inde
635 1580 749 1615 efficit
778 1582 913 1620 alicui;
954 1582 1015 1616 sed
1034 1583 1265 1628 pronomine
1287 1583 1436 1630 indiget
1458 1585 1570 1620 color.

325 1634 512 1682 effuisffl'st·
557 1636 682 1670 Guelf.
724 1636 934 1683 obfulxerit.
976 1637 1092 1672 Goth.
1137 1635 1325 1684 effluxerit
1355 1651 1443 1673 cum
1469 1639 1565 1676 Van.

235 1690 338 1726 Voss.
369 1702 403 1726 2.
455 1704 575 1739 marg.
626 1691 738 1726 Colb.
781 1692 838 1727 Cf.
870 1694 1003 1726 Bui'm.
1036 1691 1082 1725 ad
1111 1693 1282 1727 Declam.
1317 1705 1365 1740 9,
1407 1704 1443 1736 7.
1499 1695 1569 1730 ubi

236 1744 379 1793 offulsit
397 1747 562 1781 restituit
586 1760 604 1780 e
626 1746 758 1786 codd„
791 1757 827 1781 et
846 1747 1043 1782 Drakenb.
1065 1746 1112 1780 ad
1134 1746 1200 1782 Sil.
1230 1757 1290 1790 ¹5·
1327 1755 1418 1792 ²¹4·
1448 1750 1567 1794 (Cum

234 1800 360 1836 subito
402 1801 582 1836 dextrum
617 1800 761 1836 offulsit
802 1802 1002 1837 conatibus
1045 1804 1176 1844 omen)
1215 1803 1285 1838 ubi
1319 1803 1456 1840 itidem
1492 1811 1566 1853 pro

233 1854 370 1903 effulsit:
400 1856 562 1892 alterum
593 1855 694 1890 illud
721 1870 740 1891 e
776 1858 855 1892 MS.
894 1857 1114 1904 repositum.
1185 1858 1298 1904 Quod
1326 1871 1403 1905 quo
1435 1860 1564 1895 minus

232 1908 299 1944 hic
331 1924 485 1959 quoque
516 1911 684 1959 placeat,
718 1911 861 1947 obstare
895 1913 1051 1947 videtui·
1085 1915 1179 1947 inter
1209 1913 1411 1950 dicendum.
1442 1916 1564 1950 Litte-

230 1977 312 1998 mm
338 1967 375 2001 X
403 1966 497 2002 huic
528 1965 720 2002 vocabulo
739 1966 917 2002 infulciri
938 1967 1086 2002 solitam
1118 1968 1208 2002 vide
1243 1967 1344 2015 apud
1365 1969 1560 2006 Drakenb.

230 2020 276 2055 ad
297 2021 388 2057 Liv.
414 2031 481 2063 21,
514 2021 577 2063 62,
612 2029 667 2067 4.,
879 2023 989 2058 color.
1023 2022 1154 2056 Turio.
1183 2023 1312 2058 cohors
1342 2035 1430 2059 cum
1458 2024 1559 2060 Alm.

924 2144 1001 2191 ipsi
1059 2144 1290 2190 cogitationi
1346 2134 1451 2179 idefn
1494 2135 1569 2180 1110'

925 2200 1025 2234 calor
1075 2199 1261 2234 tribuitur
1303 2206 1325 2242 8
1369 2201 1455 2234 Pro.
1496 2210 1560 2241 27.

1234 2254 1305 2288 Sed
1358 2254 1562 2301 esfulgencli

287 2147 322 2184 5.
379 2141 556 2190 effulserit
609 2145 869 2190 extemporalis

224 2196 341 2231 color.
388 2199 511 2245 Quem
548 2198 767 2234 Obrechtus
802 2199 867 2233 hic

221 2251 443 2288 substituere
476 2253 594 2293 velit,
625 2255 744 2295 calor,
775 2267 865 2302 pro·
929 2267 1000 2292 10,
1042 2263 1088 2296 5,
1131 2254 1165 2289 6.

222 2306 332 2342 batus
364 2310 586 2344 Burmanno
617 2318 654 2344 et
685 2310 862 2350 Gesnero,

223 2360 408 2396 leniffima
468 2375 675 2410 reponatur
742 2375 864 2398 muta-

223 2417 344 2452 iione.
403 2421 452 2452 Et
472 2419 512 2452 in
535 2419 863 2467 extemporalitate

223 2471 271 2505 est
295 2472 375 2507 sane
399 2474 520 2512 culor;
549 2474 770 2519 cujusmodi
794 2473 863 2508 ali-

221 2526 317 2573 quid
343 2541 361 2562 e
381 2529 551 2576 sequenti
585 2530 705 2576 capite
737 2533 770 2575 §.
799 2539 860 2564 12.

219 2579 297 2614 huc
330 2582 491 2618 advocat
522 2585 652 2618 Burin.
683 2585 740 2624 „si
762 2584 861 2618 calor

220 2640 290 2675 ᾖδε
319 2637 471 2684 spiritus
497 2657 545 2665 -—-
567 2639 768 2674 successum
801 2652 860 2672 es-

218 2693 499 2738 ‚‚temp0ralem.
516 2699 539 2714 “
635 2693 858 2742 opponitur

219 2745 317 2780 calor
350 2746 572 2794 diligentiae
609 2761 680 2788 10,
714 2758 760 2792 5,
795 2756 856 2792 ιδ.

922 2309 1084 2344 verbum
1115 2310 1229 2344 calori
1259 2322 1393 2356 parum
1419 2318 1557 2343 conve*

921 2364 992 2404 nit,
1017 2364 1084 2410 qui
1104 2377 1181 2399 non
1202 2365 1397 2412 spectatur,
1418 2375 1554 2412 {verum

919 2419 1089 2453 sentitur.
1149 2420 1258 2455 Color
1281 2429 1419 2458 autem,
1439 2430 1554 2465 quem

919 2474 1094 2510 technieo
1123 2473 1195 2509 illo
1229 2484 1374 2509 tantum
1406 2473 1552 2520 fignifi-

918 2539 1003 2563 catu
1039 2531 1208 2578 accipere
1250 2528 1367 2563 nimis
1399 2527 1551 2563 fortaffe

915 2583 1163 2624 assuevimus,
1207 2585 1252 2618 de
1281 2595 1358 2630 quo
1387 2583 1477 2618 vide
1513 2588 1547 2624 4,

915 2647 953 2676 2,
987 2646 1052 2682 88.
1084 2653 1158 2675 acc.
1189 2651 1249 2677 ιο,
1283 2652 1317 2678 1,
1353 2638 1455 2677 116„
1483 2637 1548 2671 hic

913 2693 1028 2727 fuerit
1052 2693 1240 2742 splendor,
1272 2695 1378 2727 nitor.
1435 2691 1547 2727 Alius

912 2751 1240 2798 extemporalitatis
1268 2746 1399 2786 color,
1447 2746 1545 2789 alius
