1676 3028
370 191 536 237 INST.
572 189 851 236 ORATOR.
885 188 1007 234 LIB.
1043 188 1115 244 X,
1154 199 1198 242 5.
1368 196 1462 241 155

111 335 356 388 quaeque
388 315 596 377 Persius
629 325 806 374 notat,
862 329 986 364 cum
1025 313 1217 362 leviter
1248 304 1482 364 dicendi

111 414 278 466 genus
313 393 591 462 significat,

229 527 331 567 Nec
356 525 579 581 pluteum,
608 519 774 578 inquit,
803 517 971 570 caedit,
1000 532 1078 559 nec
1098 517 1322 580 demorsos
1335 513 1467 579 sapit·

392 607 555 646 ungues
565 606 582 641 ,-

117 711 275 760 etiam
317 698 545 759 ridicule}
587 706 733 766 sunt,
804 702 907 767 nisi
961 721 1085 765 eum
1125 703 1228 754 soli
1266 703 1462 755 sumuS.
1496 722 1500 725 ·

117 788 370 852 Denique
402 797 465 836 ut
496 785 686 844 semel,
753 781 903 848 quod
932 781 1004 831 est
1039 781 1465 849 potentissimum,
1488 796 1537 825 22

118 863 318 914 dicam:
387 862 647 912 secretum
684 862 743 910 iu
773 859 1024 910 dictando
1056 861 1208 928 perit.
1301 861 1467 926 Atqui

117 1014 222 1052 Flor.
243 1004 362 1066 simul
386 1024 423 1052 et
456 1015 575 1051 elatus
607 1017 630 1050 ἱ.
663 1008 791 1049 Guelf.
816 1010 934 1062 simul
961 1020 998 1047 et
1026 1014 1194 1054 interim,
1226 1026 1314 1050 cum
1344 1017 1469 1051 Stoer.

119 1071 286 1109 Chouet.
308 1073 420 1108 Leid.
448 1072 561 1108 Unde
586 1072 634 1107 sit
650 1077 802 1110 vertere,
832 1069 904 1104 niti
920 1068 1020 1104 forte
1044 1082 1062 1104 e
1086 1069 1206 1106 Goth.
1232 1082 1270 1106 et
1288 1071 1393 1109 Voss‘.
1420 1082 1470 1112 2..

118 1129 294 1165 nondum
316 1129 432 1171 disco,
465 1139 510 1165 et
522 1127 663 1164 haereo
685 1127 768 1161 sane
792 1125 838 1160 in
857 1125 996 1167 verbo,
1027 1126 1135 1174 quod
1165 1126 1218 1162 ita
1240 1127 1469 1176 [impliciter

118 1185 298 1232 junctum
331 1186 440 1221 lateri
472 1197 553 1221 non
575 1184 685 1221 novi.
743 1183 804 1218 An
834 1182 927 1217 haec
956 1182 1033 1218 fuit
1053 1183 1290 1230 Quintiliani
1309 1198 1467 1221 manus:

120 1241 264 1278 vultum
288 1241 428 1291 simul,
461 1243 606 1276 interim
627 1250 663 1276 et
684 1240 782 1275 latus
814 1237 911 1283 (scil.
942 1241 1149 1287 torquere),
1181 1242 1326 1276 interim
1346 1243 1470 1287 objur-

122 1310 212 1346 gare
238 1297 340 1346 (scil.
371 1298 518 1342 latus)?
549 1298 776 1344 Quanquam
809 1294 876 1331 vel
905 1295 1000 1330 voci
1020 1294 1135 1344 simul
1164 1296 1320 1339 diffido,
1359 1296 1472 1334 velut

122 1363 232 1388 natae
270 1367 290 1389 e
329 1353 511 1390 ductibus
554 1353 666 1389 vocis}
707 1352 841 1389 vultus.
902 1351 1015 1387 Unde
1046 1362 1175 1390 autem
1212 1352 1340 1389 littera
1372 1356 1395 1389 S
1426 1353 1470 1389 in

121 1409 290 1445 Turia?
351 1411 490 1457 Neque
525 1409 629 1444 enim
659 1409 792 1458 potuit
829 1408 900 1444 effe
944 1408 1076 1444 vulcus.
1138 1409 1242 1446 Illud
1273 1410 1472 1460 imprimis

123 1466 346 1507 tenendum,
378 1466 576 1513 objurgare
597 1464 673 1500 hoc
697 1465 785 1500 loco
810 1466 881 1500 effe
897 1463 1015 1512 ferire
1046 1464 1113 1510 (cf.
1135 1466 1273 1503 GraeV.
1299 1468 1346 1503 ad
1365 1469 1394 1502 F
1396 1467 1473 1502 lor.

126 1533 164 1562 ι,
200 1534 234 1563 1,
270 1529 308 1566 8.
339 1533 378 1558 et
407 1522 534 1570 intpp.
561 1521 607 1556 ad
626 1523 780 1557 Petron.
801 1522 908 1569 54),
943 1532 980 1557 et
1005 1521 1253 1559 referendum
1281 1523 1328 1560 ad
1359 1524 1473 1565 latus,

121 1579 392 1615 accusativum.
424 1577 472 1634 cf.
497 1588 532 1617 2,
572 1587 635 1618 12,
672 1590 733 1613 ιο.
785 1590 848 1618 ιι,
881 1586 919 1622 5,
954 1587 1045 1622 125.
1309 1593 1475 1632 quaeque

120 1631 275 1683 Persius.
313 1634 441 1672 Guelf.
482 1647 576 1684 quae
605 1635 646 1670 P.
686 1633 800 1670 male.
1040 1634 1226 1684 demorsos
1245 1655 1298 1665 -—
1318 1651 1470 1687 ungues.

119 1689 254 1728 Turio.
277 1689 381 1727 Flor.
414 1688 823 1740 demersus—unguis,
854 1690 930 1726 nili
958 1691 1065 1739 quod
1089 1693 1222 1729 Turic.
1242 1696 1399 1743 jurgua’s‚
1434 1704 1474 1730 et

120 1758 143 1781 a
162 1747 231 1783 sec.
251 1761 305 1785 m.
331 1749 480 1797 jurgiis.
632 1745 709 1798 soli
718 1746 856 1796 sumus.
888 1747 1021 1783 Turio.
1046 1748 1150 1786 Flor.
1175 1750 1258 1796 (hic
1279 1765 1300 1787 a
1318 1765 1378 1802 pr.
1398 1753 1474 1796 m.)

114 1800 220 1851 solis.

208 1869 273 1898 22.
301 1860 602 1912 potontffmum.
634 1860 767 1896 Turic.
801 1859 905 1896 Flor.
936 1861 1069 1909 Camp.
1103 1863 1201 1901 Jens.
1231 1865 1321 1910 (tac.
1343 1866 1479 1914 Gesn.)

123 1915 349 1967 potffnzunz
367 1931 455 1954 cum
481 1919 586 1956 Voss'.
613 1928 650 1954 2.
685 1917 822 1962 (Goth.
843 1929 924 1952 non
942 1918 1187 1963 notavimus)
1226 1931 1263 1956 et
1280 1921 1367 1957 edd.
1389 1932 1477 1960 anto

126 1972 239 2008 Bafil.
461 1977 499 2009 in
522 1974 697 2010 dictando
718 1975 827 2022 perit.
867 1974 931 2008 Sic
955 1974 1088 2009 Turic.
1108 1974 1212 2012 Flor.
1235 1978 1367 2026 Camp.
1389 1990 1479 2015 eum

127 2027 233 2067 Alm.
273 2029 392 2065 Goth.
431 2031 538 2068 Voss.
567 2040 605 2067 2.
641 2029 754 2066 Bam.
790 2029 951 2078 Reliqui
990 2031 1089 2078 quod
1117 2032 1153 2066 d.
1182 2047 1220 2082 p.
1267 2034 1341 2069 nisi
1367 2031 1480 2082 ¹quod

130 2083 259 2120 Guelf.
289 2099 322 2134 q.
353 2085 390 2121 d.
429 2088 608 2134 comperit
655 2096 693 2121 et
732 2099 854 2134 marg.
887 2085 998 2122 Bam.
1041 2102 1075 2136 q.
1108 2088 1143 2123 d.
1185 2091 1351 2137 conpetit·
1386 2093 1480 2136 (err.

129 2140 296 2184 Burin).
440 2152 445 2155 “
526 2144 654 2190 Atqui.
688 2143 776 2177 Hoc
795 2142 886 2177 dedi
907 2154 953 2177 ex
975 2144 1208 2190 conjectura.
1241 2145 1355 2182 Libri
1376 2149 1483 2184 enim

133 2208 271 2232 omnes
294 2205 418 2246 atque,
450 2197 569 2234 multi
591 2208 718 2234 tamen
737 2199 822 2247 post
839 2198 1050 2234 maximam
1070 2200 1370 2239 distinctionem.

133 2327 269 2364 decere
299 2340 435 2379 negat,
474 2343 612 2367 eorum
642 2329 784 2366 similia
840 2330 1031 2379 praeferas
1072 2332 1213 2371 leniter.
1272 2336 1336 2373 Est
1365 2351 1487 2387 genu.

133 2385 205 2434 qui
234 2398 312 2421 uno
343 2387 463 2423 modo
504 2388 696 2437 praesente
731 2387 783 2422 fa·
842 2387 1000 2423 dicendi
1055 2389 1293 2439 negligentia
1354 2408 1487 2431 corru-

134 2442 230 2482 ciat,
274 2443 463 2480 furiosum
493 2458 613 2493 paene
636 2444 785 2491 judicat
839 2454 965 2492 ptum,
995 2445 1037 2480 in
1062 2459 1144 2494 quo
1170 2448 1312 2485 summa
1331 2452 1382 2488 est
1402 2452 1491 2489 lem·-

135 2509 182 2539 12
214 2509 260 2540 2,
293 2508 371 2544 513
410 2511 620 2549 utrumque
654 2509 783 2536 tamen
841 2508 920 2542 taS,
972 2514 1102 2537 rerum
1138 2505 1311 2554 pondere
1342 2521 1488 2549 carens,

134 2565 236 2590 recte
261 2566 297 2590 et
317 2567 588 2605 congruenter.
791 2590 797 2596 .
841 2556 949 2593 nulla
977 2557 1124 2595 lenitas.
1155 2560 1202 2597 cf.
1235 2565 1288 2609 §.-
1305 2575 1367 2610 17.
1417 2565 1489 2608 „iu

192 2610 333 2660 Persius
354 2630 410 2639 —
433 2627 515 2649 cum.
551 2614 682 2650 leviter
727 2613 784 2648 di·
839 2614 983 2654 „rebus
1001 2635 1052 2641 —
1069 2615 1240 2653 levitas.“

136 2666 243 2702 cendi
285 2682 410 2716 genus.
474 2671 549 2706 Sat.
580 2683 622 2710 1,
693 2670 784 2706 106.
901 2680 966 2707 22.
997 2679 1039 2707 ut
1056 2671 1175 2721 semel
1194 2693 1251 2702 —-
1275 2675 1409 2724 dicam.
1440 2678 1489 2714 cf.

138 2722 240 2759 cave
299 2735 427 2761 autem
484 2738 574 2762 cum
617 2726 784 2763 Gesnero
847 2739 911 2769 10,
948 2741 984 2769 1,
1018 2738 1082 2773 17.
1118 2742 1180 2773 ιι,
1217 2746 1252 2774 ι,
1282 2732 1348 2770 66.
