1676 3028
286 243 378 293 133
599 240 672 284 Μ.
702 238 831 285 FAB.
870 240 1278 312 QUINTILIANJ

281 379 408 428 pore
431 362 639 412 dicendi
662 362 873 412 facultas
906 364 1114 411 inanem
1130 363 1297 412 'modo
1316 364 1598 428 loquacita-

237 447 262 481 δ
284 449 387 486 tem
419 438 586 496 dabit,
618 449 668 485 et
702 439 859 486 verba
878 439 935 486 in
957 439 1112 486 labris
1142 438 1408 490 nascentia.
1482 439 1596 486 Illic

284 513 509 570 radices,
579 515 689 561 illic
729 513 1065 563 fundamenta
1107 511 1252 562 sunt}
1328 514 1438 562 illic
1471 529 1596 577 opes

283 590 432 637 velut
478 588 728 638 sanctiore
776 589 1003 653 quodam
1054 590 1249 637 aerario
1287 588 1596 645 reconditae,

283 664 425 712 unde
446 664 509 711 ad
530 663 722 712 subitos
747 680 961 727 quoque
984 663 1138 720 casus,
1170 680 1289 712 cum
1311 680 1391 712 res
1414 665 1596 728 exiget,
1616 651 1621 663 ¹

283 738 631 804 proferantur.
748 740 893 786 Vires
951 737 1198 788 faciamus
1248 748 1364 786 ante
1407 739 1597 797 omnia,

283 829 416 879 quae
435 813 686 862 sufficiant
707 814 874 863 labori
897 817 1261 872 certaminum,
1300 824 1351 862 et
1372 812 1470 862 usu
1487 829 1598 861 non

1322 931 1326 947 Ι

281 966 369 990 cum
402 954 518 990 Goth.
545 955 651 990 Bafil.
686 950 831 1004 Grbe.
869 957 1042 1000 (1536.)
1081 956 1188 993 Gesn.
1220 957 1303 1004 Bip.
1364 955 1436 990 Sed
1467 953 1598 989 Turic-

282 1010 481 1058 effunditur
513 1010 604 1052 (hoc
637 1011 760 1060 ipsum
789 1013 975 1057 conjectat
1003 1012 1188 1051 Gallaeus‚
1219 1012 1279 1047 sed
1310 1010 1447 1047 omissis
1478 1009 1596 1043 modo

281 1079 355 1099 non
386 1076 423 1100 et
448 1067 606 1111 petitus,
654 1065 786 1100 reficto
819 1069 1042 1107 continetur,
1090 1067 1295 1114 verbisque
1323 1066 1384 1100 his
1417 1064 1598 1100 omnibus

282 1121 378 1155 Nam
403 1121 479 1166 line
508 1140 559 1169 ῖ-
585 1122 696 1156 labris
724 1121 906 1170 nascentia
944 1135 1015 1169 pro
1056 1121 1271 1170 gloffemate
1307 1118 1599 1169 proscribendis,

272 1174 453 1223 summum
481 1176 734 1224 interpretans
761 1175 1075 1226 profundfflmum
1108 1190 1126 1211 e
1144 1177 1270 1211 Plauti
1290 1176 1433 1225 summo
1464 1184 1599 1222 puteos·

281 1231 390 1266 cuins
410 1231 552 1266 medici
575 1231 707 1271 culter,
730 1234 862 1279 quavis
882 1235 948 1267 fica
971 1233 1092 1280 magis
1111 1232 1276 1266 nefarius
1297 1231 1362 1274 (cf.
1391 1242 1451 1269 ιο,
1465 1239 1499 1270 2,
1513 1230 1599 1277 20.)

280 1286 500 1321 retunditur
522 1299 541 1319 a
559 1286 788 1333 loquacitate
802 1287 1103 1335 Capperonnerii
1124 1287 1263 1322 bonam
1281 1286 1436 1334 quidem
1455 1286 1599 1320 causam

280 1351 434 1381 mente,
467 1342 526 1376 sed
553 1343 669 1377 taedii
691 1342 931 1389 pleniffima).
960 1342 1070 1378 Colb.
1103 1343 1216 1377 etiam.
1233 1341 1375 1388 fundit.
1406 1340 1600 1378 Vidovaei

280 1397 336 1432 ed.
366 1399 527 1441 (1538.)
557 1406 592 1431 et
621 1396 786 1444 effundit.
814 1397 971 1444 Reliqui
991 1398 1157 1445 effundit.
1377 1394 1600 1442 clzcend1fa

278 1452 403 1486 cultas.
442 1450 543 1487 Flor.
579 1453 616 1498 (a
636 1466 693 1499 pr.
716 1453 788 1499 m.)
818 1450 1274 1500 d.diffic1tltus;natum
1306 1464 1352 1486 ex
1382 1450 1480 1486 male
1509 1462 1598 1485 con-

277 1507 463 1542 tinuando
485 1507 638 1541 vitium.

367 1571 402 1604 5.
437 1563 579 1596 aerario
603 1563 822 1598 reconditae.
846 1564 976 1598 Turic.
996 1577 1039 1597 ea
1060 1564 1177 1597 rarios
1199 1562 1391 1600 conditae,-
1420 1575 1438 1596 a
1458 1561 1524 1595 sec.
1546 1573 1598 1596 m.

271 1615 436 1664 sacrario
472 1615 561 1664 sunt
597 1618 766 1652 conditae
804 1631 891 1652 cum
934 1617 1048 1652 Palat.
1079 1617 1201 1652 Gebh.
1241 1615 1399 1665 (Crepp.
1434 1626 1481 1659 5,
1536 1621 1599 1659 ²8·

276 1685 314 1720 p.
346 1675 534 1715 151.),et
553 1673 599 1707 fic
621 1674 750 1720 Camp.
782 1674 854 1708 Sed
875 1673 978 1709 Flor.
999 1687 1053 1707 ae.
1069 1671 1157 1720 sunt
1175 1673 1354 1708 conditae.
1384 1671 1510 1707 Guelf.
1539 1683 1596 1706 ae.

277 1728 457 1767 conditae,
483 1729 588 1774 quod
610 1738 647 1763 et
670 1728 824 1763 exAlm.
843 1729 1017 1763 refertur.
1035 1726 1198 1775 sacrario
1221 1742 1248 1762 r.
1267 1727 1364 1764 Jens.
1385 1724 1596 1762 cumBodl.

275 1783 394 1818 Anah.
425 1793 462 1817 et
499 1783 582 1817 edd.
617 1794 700 1818 ante
734 1782 818 1818 Ald.
848 1784 1030 1819 Nostrum
1067 1793 1103 1817 et
1131 1782 1248 1818 Goth.
1279 1781 1380 1818 Vall.

358 1851 509 1887 quoque.
553 1838 647 1874 Obr.
691 1839 847 1874 omittit·
1098 1839 1176 1885 exig
1177 1846 1229 1874 ·et
1269 1835 1395 1873 Guelf.
1438 1837 1597 1884 exigent.

281 1893 386 1931 Voss'.
412 1895 638 1940 1.e:1c1g.unt
668 1895 798 1942 Camp.
830 1896 957 1942 exigit.

275 2005 381 2044 litas,
413 2005 518 2053 quod
539 2003 680 2040 habent
707 2005 784 2041 duo
806 2004 911 2043 editi,

274 2071 319 2095 ut
351 2060 663 2100 convenientius,
692 2059 909 2099 blanditu13

274 2115 417 2150 collato
439 2115 606 2150 maxime
628 2115 715 2151 loco
737 2119 770 2162 5.
784 2125 819 2159 7.
841 2115 911 2151 ubi

256 2170 325 2209 ¹est
336 2169 508 2218 suspecta
520 2169 700 2217 facilitas.

301 2224 534 2273 3.sancti0re
546 2245 597 2252 --
611 2228 770 2262 aerario.
785 2227 910 2273 Quan-

272 2293 388 2328 quam
417 2293 497 2315 nou
527 2294 605 2316 uno
635 2281 723 2316 loco
743 2281 818 2316 hoc
841 2295 910 2317 vo-

272 2335 402 2370 cabuli
419 2334 562 2382 legitur
581 2337 679 2384 apud
697 2336 909 2384 scriptores,

272 2401 399 2425 tamen
417 2403 496 2425 non
516 2391 613 2426 male
624 2392 764 2427 Badius
790 2392 911 2427 censet

271 2446 432 2480 Livium
470 2447 635 2481 maxime
682 2446 731 2482 ob
773 2446 908 2482 oeulos

269 2500 381 2535 fuiss'e
401 2501 528 2536 nostro
552 2512 614 2544 27,
643 2515 702 2542 10,
733 2515 793 2536 11.
820 2502 907 2537 Vid.

271 2555 319 2589 de
358 2555 542 2603 sanctiore
571 2558 714 2591 Romae
765 2558 908 2592 aerario

247 2637 253 2642 .
270 2611 420 2645 Manut.
440 2610 485 2644 ad
509 2611 588 2646 Cic.
609 2614 686 2647 Att.
706 2622 742 2652 7,
779 2619 839 2655 ²5·

322 2664 465 2714 subitos
491 2678 641 2713 quoque.
668 2667 756 2708 „Sic
780 2679 910 2703 omnes

271 2719 460 2760 „habenu
521 2720 648 2758 forte“
707 2722 910 2764 [fortaste]

967 2005 1103 2053 „quod
1142 2006 1289 2052 quisque
1325 2003 1598 2052 superlativum

967 2061 1126 2107 „exigit.
1203 2059 1276 2094 Sed
1317 2070 1441 2094 tamen
1474 2060 1598 2107 aptius

967 2116 1041 2156 „ad
1061 2115 1202 2163 subitos
1223 2128 1382 2163 quosque
1414 2114 1512 2163 casus
1540 2114 1599 2164 ὦ·

965 2171 1084 2210 „xiss'e
1119 2170 1222 2205 mihi
1256 2170 1411 2218 quidem
1450 2169 1599 2205 videre-

964 2231 1097 2266 „tur.“
1153 2225 1307 2265 Badius,
1337 2237 1416 2260 non
1433 2223 1543 2260 male.

1028 2282 1131 2316 Vires
1156 2280 1351 2328 faciamus.
1383 2279 1428 2314 ef.
1452 2289 1500 2323 7,
1535 2291 1598 2320 ιο,

973 2346 1034 2379 14.
1071 2349 1132 2377 ιο,
1158 2350 1192 2377 1,
1215 2342 1279 2381 42.
1300 2343 1364 2383 37.
1391 2334 1457 2369 hic
1477 2337 1510 2382 5.
1537 2347 1597 2371 ιο.

964 2391 1088 2439 facere
1124 2392 1166 2427 in
1200 2390 1263 2426 his
1304 2390 1353 2425 est
1389 2390 1599 2436 acquirere,

968 2445 1174 2494 colligere,
1239 2444 1350 2481 alere.
1436 2443 1600 2480 Illustrat

965 2503 1131 2537 maxime
1171 2500 1272 2536 illud
1310 2514 1330 2536 a
1360 2500 1522 2536 Gesnero
1557 2501 1600 2536 in

965 2570 1004 2592 v.
1041 2556 1169 2604 facere
1222 2556 1386 2604 politum
1437 2553 1601 2590 Phaedri

966 2613 1032 2658 (3,
1064 2619 1107 2656 3,
1140 2613 1197 2658 5.)
1236 2624 1306 2658 quo
1351 2610 1429 2646 cibo
1475 2606 1600 2658 fecisti

968 2675 1107 2702 tantum
1130 2668 1330 2713 Corporis?

1023 2722 1143 2758 labori
1172 2722 1416 2757 certaminum.
1473 2720 1599 2762 ..Cum
