<?xml version="1.0" encoding="UTF-8"?>
<!DOCTYPE html PUBLIC "-//W3C//DTD XHTML 1.0 Transitional//EN"
    "http://www.w3.org/TR/xhtml1/DTD/xhtml1-transitional.dtd">
<html xmlns="http://www.w3.org/1999/xhtml" xml:lang="en" lang="en">
 <head>
  <title>
</title>
<meta http-equiv="Content-Type" content="text/html;charset=utf-8" />
  <meta name='ocr-system' content='tesseract 3.04.00' />
  <meta name='ocr-capabilities' content='ocr_page ocr_carea ocr_par ocr_line ocrx_word'/>
</head>
<body>
  <div class='ocr_page' id='page_1' title='image "./lexiconquintilia04bonnuoft/lexiconquintilia04bonnuoft_0179.png"; bbox 0 0 1676 3028; ppageno 0'>
   <div class='ocr_carea' id='block_1_1' title="bbox 325 171 1426 232">
    <p class='ocr_par' dir='ltr' id='par_1_1' title="bbox 325 171 1426 232">
     <span class='ocr_line' id='line_1_1' title="bbox 325 171 1426 232; baseline -0.005 -11"><span class='ocrx_word' id='word_1_1' title='bbox 325 175 489 221; x_wconf 86' lang='lat' dir='ltr'>INST.</span> <span class='ocrx_word' id='word_1_2' title='bbox 525 173 805 221; x_wconf 81' lang='lat' dir='ltr'>ORATOR.</span> <span class='ocrx_word' id='word_1_3' title='bbox 841 171 964 218; x_wconf 78' lang='lat' dir='ltr'>Lm.</span> <span class='ocrx_word' id='word_1_4' title='bbox 1000 174 1074 229; x_wconf 87' lang='lat' dir='ltr'>x,</span> <span class='ocrx_word' id='word_1_5' title='bbox 1112 185 1159 228; x_wconf 74' lang='lat'>5.</span> <span class='ocrx_word' id='word_1_6' title='bbox 1328 181 1426 232; x_wconf 77' lang='lat'>¹49</span> 
     </span>
    </p>
   </div>
   <div class='ocr_carea' id='block_1_2' title="bbox 61 296 1424 1139">
    <p class='ocr_par' dir='ltr' id='par_1_2' title="bbox 61 296 1424 1139">
     <span class='ocr_line' id='line_1_2' title="bbox 67 296 1423 368; baseline -0.004 -14"><span class='ocrx_word' id='word_1_7' title='bbox 67 303 180 354; x_wconf 71' lang='lat' dir='ltr'>iton</span> <span class='ocrx_word' id='word_1_8' title='bbox 200 299 582 368; x_wconf 85' lang='lat' dir='ltr'>indignatione.</span> <span class='ocrx_word' id='word_1_9' title='bbox 639 301 710 349; x_wconf 91' lang='lat' dir='ltr'>Ut</span> <span class='ocrx_word' id='word_1_10' title='bbox 730 297 976 366; x_wconf 86' lang='lat' dir='ltr'>possimus</span> <span class='ocrx_word' id='word_1_11' title='bbox 998 309 1175 351; x_wconf 88' lang='lat' dir='ltr'>autem</span> <span class='ocrx_word' id='word_1_12' title='bbox 1193 296 1423 348; x_wconf 82' lang='lat' dir='ltr'>scribere</span> 
     </span>
     <span class='ocr_line' id='line_1_3' title="bbox 68 375 1419 445; baseline -0.002 -16"><span class='ocrx_word' id='word_1_13' title='bbox 68 381 226 429; x_wconf 74' lang='lat' dir='ltr'>etiam</span> <span class='ocrx_word' id='word_1_14' title='bbox 260 380 414 445; x_wconf 90' lang='lat' dir='ltr'>plura</span> <span class='ocrx_word' id='word_1_15' title='bbox 447 379 696 436; x_wconf 83' lang='lat' dir='ltr'>celerius,</span> <span class='ocrx_word' id='word_1_16' title='bbox 758 394 868 429; x_wconf 89' lang='lat' dir='ltr'>non</span> <span class='ocrx_word' id='word_1_17' title='bbox 913 379 1212 427; x_wconf 81' lang='lat' dir='ltr'>exercitatio</span> <span class='ocrx_word' id='word_1_18' title='bbox 1250 375 1419 426; x_wconf 88' lang='lat' dir='ltr'>modo</span> 
     </span>
     <span class='ocr_line' id='line_1_4' title="bbox 66 452 1423 524; baseline -0.002 -18"><span class='ocrx_word' id='word_1_19' title='bbox 66 456 360 524; x_wconf 77' lang='lat' dir='ltr'>praestabit,</span> <span class='ocrx_word' id='word_1_20' title='bbox 393 458 453 505; x_wconf 88' lang='lat' dir='ltr'>in</span> <span class='ocrx_word' id='word_1_21' title='bbox 489 474 590 521; x_wconf 91' lang='lat' dir='ltr'>qua</span> <span class='ocrx_word' id='word_1_22' title='bbox 614 453 723 504; x_wconf 78' lang='lat' dir='ltr'>sine</span> <span class='ocrx_word' id='word_1_23' title='bbox 753 454 923 504; x_wconf 85' lang='lat' dir='ltr'>dubio</span> <span class='ocrx_word' id='word_1_24' title='bbox 946 455 1180 503; x_wconf 89' lang='lat' dir='ltr'>multum</span> <span class='ocrx_word' id='word_1_25' title='bbox 1206 452 1295 511; x_wconf 87' lang='lat' dir='ltr'>est,</span> <span class='ocrx_word' id='word_1_26' title='bbox 1331 452 1423 503; x_wconf 82' lang='lat' dir='ltr'>sed</span> 
     </span>
     <span class='ocr_line' id='line_1_5' title="bbox 66 530 1424 599; baseline -0.002 -16"><span class='ocrx_word' id='word_1_27' title='bbox 66 535 226 583; x_wconf 85' lang='lat' dir='ltr'>&#39;etiam</span> <span class='ocrx_word' id='word_1_28' title='bbox 261 537 427 595; x_wconf 76' lang='lat' dir='ltr'>raci05</span> <span class='ocrx_word' id='word_1_29' title='bbox 489 531 523 581; x_wconf 81' lang='lat' dir='ltr'>sl</span> <span class='ocrx_word' id='word_1_30' title='bbox 556 550 666 582; x_wconf 91' lang='lat' dir='ltr'>non</span> <span class='ocrx_word' id='word_1_31' title='bbox 705 530 968 599; x_wconf 85' lang='lat' dir='ltr'>resupini,</span> <span class='ocrx_word' id='word_1_32' title='bbox 1025 530 1424 597; x_wconf 79' lang='lat' dir='ltr'>spectantesque</span> 
     </span>
     <span class='ocr_line' id='line_1_6' title="bbox 67 610 1423 676; baseline -0.002 -17"><span class='ocrx_word' id='word_1_33' title='bbox 67 620 292 670; x_wconf 83' lang='lat' dir='ltr'>tectum,</span> <span class='ocrx_word' id='word_1_34' title='bbox 334 622 387 659; x_wconf 89' lang='lat' dir='ltr'>et</span> <span class='ocrx_word' id='word_1_35' title='bbox 420 611 793 676; x_wconf 79' lang='lat' dir='ltr'>cogitationem</span> <span class='ocrx_word' id='word_1_36' title='bbox 831 626 1112 658; x_wconf 80' lang='lat' dir='ltr'>murmure</span> <span class='ocrx_word' id='word_1_37' title='bbox 1151 610 1423 674; x_wconf 82' lang='lat' dir='ltr'>agitantes,</span> 
     </span>
     <span class='ocr_line' id='line_1_7' title="bbox 67 685 1419 753; baseline -0.001 -18"><span class='ocrx_word' id='word_1_38' title='bbox 67 687 556 753; x_wconf 81' lang='lat' dir='ltr'>exspectaverimus,</span> <span class='ocrx_word' id='word_1_39' title='bbox 598 687 731 752; x_wconf 85' lang='lat' dir='ltr'>quid</span> <span class='ocrx_word' id='word_1_40' title='bbox 755 687 1021 744; x_wconf 78' lang='lat' dir='ltr'>obveniat,</span> <span class='ocrx_word' id='word_1_41' title='bbox 1060 685 1150 734; x_wconf 86' lang='lat' dir='ltr'>sed</span> <span class='ocrx_word' id='word_1_42' title='bbox 1173 685 1308 751; x_wconf 88' lang='lat' dir='ltr'>quid</span> <span class='ocrx_word' id='word_1_43' title='bbox 1332 702 1419 735; x_wconf 82' lang='lat' dir='ltr'>res</span> 
     </span>
     <span class='ocr_line' id='line_1_8' title="bbox 67 762 1423 831; baseline -0.002 -17"><span class='ocrx_word' id='word_1_44' title='bbox 67 763 266 831; x_wconf 77' lang='lat' dir='ltr'>poscat,</span> <span class='ocrx_word' id='word_1_45' title='bbox 298 764 432 829; x_wconf 85' lang='lat' dir='ltr'>quid</span> <span class='ocrx_word' id='word_1_46' title='bbox 463 763 740 830; x_wconf 86' lang='lat' dir='ltr'>personam</span> <span class='ocrx_word' id='word_1_47' title='bbox 771 764 965 822; x_wconf 84' lang='lat' dir='ltr'>deceat,</span> <span class='ocrx_word' id='word_1_48' title='bbox 1008 763 1158 829; x_wconf 86' lang='lat' dir='ltr'>quod.</span> <span class='ocrx_word' id='word_1_49' title='bbox 1189 762 1251 812; x_wconf 86' lang='lat' dir='ltr'>fit</span> <span class='ocrx_word' id='word_1_50' title='bbox 1287 774 1423 811; x_wconf 89' lang='lat' dir='ltr'>tem-</span> 
     </span>
     <span class='ocr_line' id='line_1_9' title="bbox 66 841 1422 907; baseline -0.001 -17"><span class='ocrx_word' id='word_1_51' title='bbox 66 849 199 907; x_wconf 74' lang='lat' dir='ltr'>pus,</span> <span class='ocrx_word' id='word_1_52' title='bbox 255 843 349 906; x_wconf 90' lang='lat' dir='ltr'>qui</span> <span class='ocrx_word' id='word_1_53' title='bbox 379 841 571 903; x_wconf 81' lang='lat' dir='ltr'>judicis</span> <span class='ocrx_word' id='word_1_54' title='bbox 621 843 854 898; x_wconf 86' lang='lat' dir='ltr'>animus,</span> <span class='ocrx_word' id='word_1_55' title='bbox 911 842 1123 899; x_wconf 83' lang='lat' dir='ltr'>intuiti,</span> <span class='ocrx_word' id='word_1_56' title='bbox 1182 841 1422 890; x_wconf 86' lang='lat' dir='ltr'>humano</span> 
     </span>
     <span class='ocr_line' id='line_1_10' title="bbox 66 916 1420 983; baseline -0.001 -17"><span class='ocrx_word' id='word_1_57' title='bbox 66 917 302 983; x_wconf 85' lang='lat' dir='ltr'>quodam</span> <span class='ocrx_word' id='word_1_58' title='bbox 345 918 510 968; x_wconf 87' lang='lat' dir='ltr'>modo</span> <span class='ocrx_word' id='word_1_59' title='bbox 555 917 620 966; x_wconf 80' lang='lat' dir='ltr'>ad</span> <span class='ocrx_word' id='word_1_60' title='bbox 662 917 1002 968; x_wconf 82' lang='lat' dir='ltr'>scribendum</span> <span class='ocrx_word' id='word_1_61' title='bbox 1048 916 1420 967; x_wconf 83' lang='lat' dir='ltr'>accesserimus.</span> 
     </span>
     <span class='ocr_line' id='line_1_11' title="bbox 64 994 1423 1059; baseline -0.001 -16"><span class='ocrx_word' id='word_1_62' title='bbox 64 995 149 1043; x_wconf 90' lang='lat' dir='ltr'>Sic</span> <span class='ocrx_word' id='word_1_63' title='bbox 181 995 338 1045; x_wconf 88' lang='lat' dir='ltr'>nobis</span> <span class='ocrx_word' id='word_1_64' title='bbox 367 1005 418 1043; x_wconf 87' lang='lat' dir='ltr'>et</span> <span class='ocrx_word' id='word_1_65' title='bbox 450 995 627 1052; x_wconf 86' lang='lat' dir='ltr'>initia,</span> <span class='ocrx_word' id='word_1_66' title='bbox 668 1005 719 1042; x_wconf 92' lang='lat' dir='ltr'>et</span> <span class='ocrx_word' id='word_1_67' title='bbox 752 995 902 1059; x_wconf 85' lang='lat' dir='ltr'>quod</span> <span class='ocrx_word' id='word_1_68' title='bbox 935 994 1208 1059; x_wconf 82' lang='lat' dir='ltr'>sequitur‚‚</span> <span class='ocrx_word' id='word_1_69' title='bbox 1232 1005 1423 1044; x_wconf 82' lang='lat' dir='ltr'>natura</span> 
     </span>
     <span class='ocr_line' id='line_1_12' title="bbox 61 1069 1420 1139; baseline 0.001 -21"><span class='ocrx_word' id='word_1_70' title='bbox 61 1069 173 1138; x_wconf 85' lang='lat' dir='ltr'>ipsa</span> <span class='ocrx_word' id='word_1_71' title='bbox 205 1071 524 1138; x_wconf 82' lang='lat' dir='ltr'>praescribit.</span> <span class='ocrx_word' id='word_1_72' title='bbox 621 1073 776 1122; x_wconf 85' lang='lat' dir='ltr'>Certa</span> <span class='ocrx_word' id='word_1_73' title='bbox 807 1070 931 1121; x_wconf 88' lang='lat' dir='ltr'>sunt</span> <span class='ocrx_word' id='word_1_74' title='bbox 973 1074 1119 1122; x_wconf 88' lang='lat' dir='ltr'>enim</span> <span class='ocrx_word' id='word_1_75' title='bbox 1146 1072 1420 1139; x_wconf 82' lang='lat' dir='ltr'>pleraque,</span> 
     </span>
    </p>
   </div>
   <div class='ocr_carea' id='block_1_3' title="bbox 22 1237 1423 2253">
    <p class='ocr_par' dir='ltr' id='par_1_3' title="bbox 22 1237 1423 2253">
     <span class='ocr_line' id='line_1_13' title="bbox 58 1237 1419 1290; baseline -0.001 -15"><span class='ocrx_word' id='word_1_76' title='bbox 58 1237 188 1287; x_wconf 77' lang='lat' dir='ltr'>fecero</span> <span class='ocrx_word' id='word_1_77' title='bbox 215 1248 304 1281; x_wconf 79' lang='lat' dir='ltr'>tum,</span> <span class='ocrx_word' id='word_1_78' title='bbox 334 1238 402 1276; x_wconf 80' lang='lat' dir='ltr'>hic</span> <span class='ocrx_word' id='word_1_79' title='bbox 431 1239 484 1276; x_wconf 77' lang='lat' dir='ltr'>acl</span> <span class='ocrx_word' id='word_1_80' title='bbox 500 1238 702 1289; x_wconf 64' lang='lat' dir='ltr'>perfectum</span> <span class='ocrx_word' id='word_1_81' title='bbox 728 1252 816 1276; x_wconf 84' lang='lat' dir='ltr'>cum</span> <span class='ocrx_word' id='word_1_82' title='bbox 837 1240 977 1276; x_wconf 83' lang='lat' dir='ltr'>Goth..</span> <span class='ocrx_word' id='word_1_83' title='bbox 1189 1240 1300 1290; x_wconf 84' lang='lat' dir='ltr'><strong><em>plura</em></strong></span> <span class='ocrx_word' id='word_1_84' title='bbox 1326 1239 1419 1275; x_wconf 76' lang='lat' dir='ltr'>cele-</span> 
     </span>
     <span class='ocr_line' id='line_1_14' title="bbox 65 1295 1419 1345; baseline 0.001 -15"><span class='ocrx_word' id='word_1_85' title='bbox 65 1297 150 1332; x_wconf 77' lang='lat' dir='ltr'>rius.</span> <span class='ocrx_word' id='word_1_86' title='bbox 191 1296 254 1332; x_wconf 86' lang='lat' dir='ltr'>Sic</span> <span class='ocrx_word' id='word_1_87' title='bbox 283 1297 416 1332; x_wconf 81' lang='lat' dir='ltr'>Turio.</span> <span class='ocrx_word' id='word_1_88' title='bbox 452 1295 556 1331; x_wconf 87' lang='lat' dir='ltr'>Flor.</span> <span class='ocrx_word' id='word_1_89' title='bbox 594 1297 725 1345; x_wconf 82' lang='lat' dir='ltr'>Camp.</span> <span class='ocrx_word' id='word_1_90' title='bbox 759 1296 879 1332; x_wconf 84' lang='lat' dir='ltr'>Goth.</span> <span class='ocrx_word' id='word_1_91' title='bbox 908 1298 1006 1336; x_wconf 85' lang='lat' dir='ltr'>Jens.</span> <span class='ocrx_word' id='word_1_92' title='bbox 1040 1299 1129 1340; x_wconf 77' lang='lat' dir='ltr'>(tac.</span> <span class='ocrx_word' id='word_1_93' title='bbox 1164 1299 1294 1341; x_wconf 85' lang='lat' dir='ltr'>Gesn.)</span> <span class='ocrx_word' id='word_1_94' title='bbox 1328 1308 1419 1331; x_wconf 88' lang='lat' dir='ltr'>cum</span> 
     </span>
     <span class='ocr_line' id='line_1_15' title="bbox 63 1351 1419 1402; baseline -0.001 -13"><span class='ocrx_word' id='word_1_95' title='bbox 63 1351 169 1389; x_wconf 77' lang='lat' dir='ltr'>V&#39;off.</span> <span class='ocrx_word' id='word_1_96' title='bbox 192 1367 224 1387; x_wconf 85' lang='lat'>1.</span> <span class='ocrx_word' id='word_1_97' title='bbox 250 1362 287 1386; x_wconf 84' lang='lat'>2.</span> <span class='ocrx_word' id='word_1_98' title='bbox 309 1361 346 1396; x_wconf 74' lang='lat'>5.</span> <span class='ocrx_word' id='word_1_99' title='bbox 379 1363 416 1388; x_wconf 91' lang='lat' dir='ltr'>et</span> <span class='ocrx_word' id='word_1_100' title='bbox 434 1352 521 1388; x_wconf 83' lang='lat' dir='ltr'>edd.</span> <span class='ocrx_word' id='word_1_101' title='bbox 548 1364 634 1388; x_wconf 81' lang='lat' dir='ltr'>ante</span> <span class='ocrx_word' id='word_1_102' title='bbox 654 1352 740 1388; x_wconf 83' lang='lat' dir='ltr'>Ald.</span> <span class='ocrx_word' id='word_1_103' title='bbox 766 1366 841 1389; x_wconf 85' lang='lat' dir='ltr'>acc.</span> <span class='ocrx_word' id='word_1_104' title='bbox 865 1354 958 1389; x_wconf 78' lang='lat' dir='ltr'>Bad.</span> <span class='ocrx_word' id='word_1_105' title='bbox 983 1354 1142 1402; x_wconf 83' lang='lat' dir='ltr'>Reliqui</span> <span class='ocrx_word' id='word_1_106' title='bbox 1164 1355 1339 1390; x_wconf 81' lang='lat' dir='ltr'>inserunt</span> <span class='ocrx_word' id='word_1_107' title='bbox 1370 1361 1419 1388; x_wconf 76' lang='lat' dir='ltr'>et·</span> 
     </span>
     <span class='ocr_line' id='line_1_16' title="bbox 65 1407 1256 1459; baseline 0.005 -18"><span class='ocrx_word' id='word_1_108' title='bbox 65 1407 114 1443; x_wconf 81' lang='lat' dir='ltr'>In</span> <span class='ocrx_word' id='word_1_109' title='bbox 133 1407 261 1445; x_wconf 79' lang='lat' dir='ltr'>Guelf.</span> <span class='ocrx_word' id='word_1_110' title='bbox 282 1408 442 1444; x_wconf 78' lang='lat' dir='ltr'>videtur</span> <span class='ocrx_word' id='word_1_111' title='bbox 465 1409 535 1444; x_wconf 82' lang='lat' dir='ltr'>esse</span> <span class='ocrx_word' id='word_1_112' title='bbox 557 1409 644 1445; x_wconf 87' lang='lat' dir='ltr'>hoc.</span> <span class='ocrx_word' id='word_1_113' title='bbox 672 1410 805 1458; x_wconf 83' lang='lat' dir='ltr'>Camp.</span> <span class='ocrx_word' id='word_1_114' title='bbox 832 1411 953 1446; x_wconf 89' lang='lat' dir='ltr'>modo</span> <span class='ocrx_word' id='word_1_115' title='bbox 976 1420 1014 1445; x_wconf 74' lang='lat' dir='ltr'>et</span> <span class='ocrx_word' id='word_1_116' title='bbox 1033 1424 1106 1459; x_wconf 79' lang='lat' dir='ltr'>pro</span> <span class='ocrx_word' id='word_1_117' title='bbox 1131 1414 1256 1447; x_wconf 78' lang='lat' dir='ltr'>etiam.</span> 
     </span>
     <span class='ocr_line' id='line_1_17' title="bbox 150 1465 1181 1515; baseline 0.002 -15"><span class='ocrx_word' id='word_1_118' title='bbox 150 1473 295 1501; x_wconf 80' lang='lat' dir='ltr'>tectum.</span> <span class='ocrx_word' id='word_1_119' title='bbox 337 1466 470 1500; x_wconf 83' lang='lat' dir='ltr'>Turio.</span> <span class='ocrx_word' id='word_1_120' title='bbox 506 1465 609 1500; x_wconf 82' lang='lat' dir='ltr'>Flor.</span> <span class='ocrx_word' id='word_1_121' title='bbox 641 1465 726 1511; x_wconf 85' lang='lat' dir='ltr'>(hic</span> <span class='ocrx_word' id='word_1_122' title='bbox 748 1479 767 1500; x_wconf 86' lang='lat' dir='ltr'>a</span> <span class='ocrx_word' id='word_1_123' title='bbox 789 1480 847 1515; x_wconf 82' lang='lat' dir='ltr'>pr.</span> <span class='ocrx_word' id='word_1_124' title='bbox 872 1468 944 1508; x_wconf 88' lang='lat' dir='ltr'>m.)</span> <span class='ocrx_word' id='word_1_125' title='bbox 980 1468 1181 1503; x_wconf 86' lang='lat' dir='ltr'>omittunt.</span> 
     </span>
     <span class='ocr_line' id='line_1_18' title="bbox 151 1515 1318 1570; baseline 0.004 -15"><span class='ocrx_word' id='word_1_126' title='bbox 151 1515 416 1569; x_wconf 58' lang='lat' dir='ltr'>cogiiationenz</span> <span class='ocrx_word' id='word_1_127' title='bbox 438 1524 630 1558; x_wconf 79' lang='lat' dir='ltr'>murniure.</span> <span class='ocrx_word' id='word_1_128' title='bbox 662 1522 795 1558; x_wconf 80' lang='lat' dir='ltr'>Turio.</span> <span class='ocrx_word' id='word_1_129' title='bbox 834 1525 1105 1570; x_wconf 79' lang='lat' dir='ltr'>cogitationum</span> <span class='ocrx_word' id='word_1_130' title='bbox 1126 1538 1318 1561; x_wconf 81' lang='lat' dir='ltr'>mur-mere.</span> 
     </span>
     <span class='ocr_line' id='line_1_19' title="bbox 146 1575 1423 1630; baseline 0.003 -18"><span class='ocrx_word' id='word_1_131' title='bbox 146 1577 228 1613; x_wconf 81' lang='lat' dir='ltr'>obv.</span> <span class='ocrx_word' id='word_1_132' title='bbox 246 1575 318 1629; x_wconf 81' lang='lat' dir='ltr'>secl</span> <span class='ocrx_word' id='word_1_133' title='bbox 349 1579 450 1627; x_wconf 82' lang='lat' dir='ltr'>quid.</span> <span class='ocrx_word' id='word_1_134' title='bbox 494 1578 627 1614; x_wconf 82' lang='lat' dir='ltr'>Turic-</span> <span class='ocrx_word' id='word_1_135' title='bbox 663 1578 766 1614; x_wconf 87' lang='lat' dir='ltr'>Flor.</span> <span class='ocrx_word' id='word_1_136' title='bbox 801 1579 928 1615; x_wconf 77' lang='lat' dir='ltr'>Gueff.</span> <span class='ocrx_word' id='word_1_137' title='bbox 959 1581 1092 1629; x_wconf 81' lang='lat' dir='ltr'>Camp.</span> <span class='ocrx_word' id='word_1_138' title='bbox 1135 1581 1326 1626; x_wconf 82' lang='lat' dir='ltr'>omittunt</span> <span class='ocrx_word' id='word_1_139' title='bbox 1350 1579 1423 1630; x_wconf 75' lang='lat' dir='ltr'>sed</span> 
     </span>
     <span class='ocr_line' id='line_1_20' title="bbox 63 1633 1421 1680; baseline 0.002 -10"><span class='ocrx_word' id='word_1_140' title='bbox 63 1646 152 1670; x_wconf 81' lang='lat' dir='ltr'>eum</span> <span class='ocrx_word' id='word_1_141' title='bbox 182 1633 301 1670; x_wconf 86' lang='lat' dir='ltr'>Goth.</span> <span class='ocrx_word' id='word_1_142' title='bbox 330 1635 436 1672; x_wconf 80' lang='lat' dir='ltr'>Voss&#39;.</span> <span class='ocrx_word' id='word_1_143' title='bbox 467 1647 500 1672; x_wconf 88' lang='lat'>1.</span> <span class='ocrx_word' id='word_1_144' title='bbox 533 1635 656 1679; x_wconf 85' lang='lat' dir='ltr'>(Voff.</span> <span class='ocrx_word' id='word_1_145' title='bbox 679 1646 716 1670; x_wconf 86' lang='lat'>2.</span> <span class='ocrx_word' id='word_1_146' title='bbox 746 1634 854 1671; x_wconf 86' lang='lat' dir='ltr'>nulla</span> <span class='ocrx_word' id='word_1_147' title='bbox 882 1636 925 1672; x_wconf 90' lang='lat' dir='ltr'>in</span> <span class='ocrx_word' id='word_1_148' title='bbox 959 1635 1036 1672; x_wconf 90' lang='lat' dir='ltr'>hoc</span> <span class='ocrx_word' id='word_1_149' title='bbox 1068 1639 1236 1680; x_wconf 85' lang='lat' dir='ltr'>mentio)</span> <span class='ocrx_word' id='word_1_150' title='bbox 1275 1648 1312 1673; x_wconf 90' lang='lat' dir='ltr'>et</span> <span class='ocrx_word' id='word_1_151' title='bbox 1334 1638 1421 1674; x_wconf 80' lang='lat' dir='ltr'>edd.</span> 
     </span>
     <span class='ocr_line' id='line_1_21' title="bbox 55 1690 1421 1743; baseline 0.004 -18"><span class='ocrx_word' id='word_1_152' title='bbox 55 1701 149 1738; x_wconf 25' lang='lat' dir='ltr'>nante</span> <span class='ocrx_word' id='word_1_153' title='bbox 172 1690 322 1740; x_wconf 82' lang='lat' dir='ltr'>Gryph.</span> <span class='ocrx_word' id='word_1_154' title='bbox 351 1691 492 1727; x_wconf 77' lang='lat' dir='ltr'>Inserta</span> <span class='ocrx_word' id='word_1_155' title='bbox 526 1691 576 1726; x_wconf 80' lang='lat' dir='ltr'>est</span> <span class='ocrx_word' id='word_1_156' title='bbox 607 1691 796 1740; x_wconf 73' lang='lat' dir='ltr'>particula</span> <span class='ocrx_word' id='word_1_157' title='bbox 825 1705 872 1728; x_wconf 83' lang='lat' dir='ltr'>ex</span> <span class='ocrx_word' id='word_1_158' title='bbox 905 1693 1090 1741; x_wconf 64' lang='lat' dir='ltr'>ingenio,</span> <span class='ocrx_word' id='word_1_159' title='bbox 1122 1695 1233 1741; x_wconf 86' lang='lat' dir='ltr'>cujus</span> <span class='ocrx_word' id='word_1_160' title='bbox 1257 1694 1421 1743; x_wconf 86' lang='lat' dir='ltr'>quidem</span> 
     </span>
     <span class='ocr_line' id='line_1_22' title="bbox 32 1746 1418 1797; baseline 0.004 -15"><span class='ocrx_word' id='word_1_161' title='bbox 32 1791 35 1797; x_wconf 80' lang='lat'><em>,</em></span> <span class='ocrx_word' id='word_1_162' title='bbox 61 1746 211 1788; x_wconf 79' lang='lat' dir='ltr'>nescio,</span> <span class='ocrx_word' id='word_1_163' title='bbox 245 1747 305 1782; x_wconf 84' lang='lat' dir='ltr'>ted</span> <span class='ocrx_word' id='word_1_164' title='bbox 337 1747 559 1784; x_wconf 76' lang='lat' dir='ltr'>necessario.</span> <span class='ocrx_word' id='word_1_165' title='bbox 795 1751 932 1785; x_wconf 78' lang='lat' dir='ltr'>intuiti.</span> <span class='ocrx_word' id='word_1_166' title='bbox 972 1751 1107 1787; x_wconf 80' lang='lat' dir='ltr'>Tui-ic.</span> <span class='ocrx_word' id='word_1_167' title='bbox 1141 1750 1279 1786; x_wconf 77' lang='lat' dir='ltr'>intulit.</span> <span class='ocrx_word' id='word_1_168' title='bbox 1311 1750 1418 1787; x_wconf 82' lang='lat' dir='ltr'>Flor.</span> 
     </span>
     <span class='ocr_line' id='line_1_23' title="bbox 66 1803 1421 1852; baseline 0.004 -15"><span class='ocrx_word' id='word_1_169' title='bbox 66 1803 240 1844; x_wconf 76' lang='lat' dir='ltr'>intulitu,</span> <span class='ocrx_word' id='word_1_170' title='bbox 271 1817 290 1838; x_wconf 81' lang='lat' dir='ltr'>a</span> <span class='ocrx_word' id='word_1_171' title='bbox 311 1804 378 1839; x_wconf 87' lang='lat' dir='ltr'>sec.</span> <span class='ocrx_word' id='word_1_172' title='bbox 399 1817 452 1840; x_wconf 90' lang='lat' dir='ltr'>m.</span> <span class='ocrx_word' id='word_1_173' title='bbox 478 1805 624 1845; x_wconf 77' lang='lat' dir='ltr'>intuitu,</span> <span class='ocrx_word' id='word_1_174' title='bbox 651 1805 760 1841; x_wconf 79' lang='lat' dir='ltr'>etsie</span> <span class='ocrx_word' id='word_1_175' title='bbox 785 1806 904 1842; x_wconf 89' lang='lat' dir='ltr'>Goth.</span> <span class='ocrx_word' id='word_1_176' title='bbox 928 1806 1023 1844; x_wconf 83' lang='lat' dir='ltr'>Jens,</span> <span class='ocrx_word' id='word_1_177' title='bbox 1051 1809 1142 1852; x_wconf 82' lang='lat' dir='ltr'>(tac.</span> <span class='ocrx_word' id='word_1_178' title='bbox 1167 1806 1297 1850; x_wconf 84' lang='lat' dir='ltr'>Gesn.)</span> <span class='ocrx_word' id='word_1_179' title='bbox 1328 1819 1421 1843; x_wconf 84' lang='lat' dir='ltr'>cum</span> 
     </span>
     <span class='ocr_line' id='line_1_24' title="bbox 64 1858 1421 1913; baseline 0.004 -19"><span class='ocrx_word' id='word_1_180' title='bbox 64 1858 167 1898; x_wconf 82' lang='lat' dir='ltr'>Vall.</span> <span class='ocrx_word' id='word_1_181' title='bbox 193 1870 232 1895; x_wconf 88' lang='lat' dir='ltr'>et</span> <span class='ocrx_word' id='word_1_182' title='bbox 255 1860 340 1896; x_wconf 86' lang='lat' dir='ltr'>edd.</span> <span class='ocrx_word' id='word_1_183' title='bbox 361 1861 520 1908; x_wconf 77' lang='lat' dir='ltr'>posterr.</span> <span class='ocrx_word' id='word_1_184' title='bbox 550 1872 637 1897; x_wconf 82' lang='lat' dir='ltr'>ante</span> <span class='ocrx_word' id='word_1_185' title='bbox 658 1861 746 1897; x_wconf 87' lang='lat' dir='ltr'>Ald.</span> <span class='ocrx_word' id='word_1_186' title='bbox 770 1875 845 1897; x_wconf 76' lang='lat' dir='ltr'>acc·</span> <span class='ocrx_word' id='word_1_187' title='bbox 866 1863 958 1898; x_wconf 81' lang='lat' dir='ltr'>Bad.</span> <span class='ocrx_word' id='word_1_188' title='bbox 991 1864 1066 1898; x_wconf 83' lang='lat' dir='ltr'>Sed</span> <span class='ocrx_word' id='word_1_189' title='bbox 1088 1865 1222 1913; x_wconf 83' lang='lat' dir='ltr'>Camp.</span> <span class='ocrx_word' id='word_1_190' title='bbox 1254 1877 1328 1913; x_wconf 83' lang='lat' dir='ltr'>pro</span> <span class='ocrx_word' id='word_1_191' title='bbox 1356 1863 1421 1900; x_wconf 79' lang='lat' dir='ltr'>his</span> 
     </span>
     <span class='ocr_line' id='line_1_25' title="bbox 65 1915 1421 1967; baseline 0.004 -17"><span class='ocrx_word' id='word_1_192' title='bbox 65 1916 194 1951; x_wconf 70' lang='lat' dir='ltr'>intuiti</span> <span class='ocrx_word' id='word_1_193' title='bbox 220 1916 254 1951; x_wconf 84' lang='lat' dir='ltr'>h.</span> <span class='ocrx_word' id='word_1_194' title='bbox 287 1930 321 1965; x_wconf 85' lang='lat' dir='ltr'>q.</span> <span class='ocrx_word' id='word_1_195' title='bbox 351 1931 397 1952; x_wconf 89' lang='lat' dir='ltr'>m.</span> <span class='ocrx_word' id='word_1_196' title='bbox 433 1931 467 1953; x_wconf 87' lang='lat' dir='ltr'>a.</span> <span class='ocrx_word' id='word_1_197' title='bbox 490 1915 600 1966; x_wconf 83' lang='lat' dir='ltr'>scrib.</span> <span class='ocrx_word' id='word_1_198' title='bbox 631 1918 716 1954; x_wconf 79' lang='lat' dir='ltr'>dat:</span> <span class='ocrx_word' id='word_1_199' title='bbox 747 1932 819 1967; x_wconf 82' lang='lat' dir='ltr'>quo</span> <span class='ocrx_word' id='word_1_200' title='bbox 854 1920 1000 1954; x_wconf 72' lang='lat' dir='ltr'>interim</span> <span class='ocrx_word' id='word_1_201' title='bbox 1030 1921 1155 1955; x_wconf 84' lang='lat' dir='ltr'>animo</span> <span class='ocrx_word' id='word_1_202' title='bbox 1189 1921 1340 1956; x_wconf 79' lang='lat' dir='ltr'>tandem</span> <span class='ocrx_word' id='word_1_203' title='bbox 1369 1920 1421 1955; x_wconf 76' lang='lat' dir='ltr'>ad</span> 
     </span>
     <span class='ocr_line' id='line_1_26' title="bbox 56 1969 1419 2024; baseline 0.004 -18"><span class='ocrx_word' id='word_1_204' title='bbox 56 1969 170 2020; x_wconf 80' lang='lat' dir='ltr'>scrib.</span> <span class='ocrx_word' id='word_1_205' title='bbox 200 1982 238 2008; x_wconf 86' lang='lat' dir='ltr'>et</span> <span class='ocrx_word' id='word_1_206' title='bbox 268 1973 318 2008; x_wconf 81' lang='lat' dir='ltr'>sic</span> <span class='ocrx_word' id='word_1_207' title='bbox 343 1972 431 2009; x_wconf 85' lang='lat' dir='ltr'>Ald.</span> <span class='ocrx_word' id='word_1_208' title='bbox 451 1974 638 2010; x_wconf 75' lang='lat' dir='ltr'>Nostrum</span> <span class='ocrx_word' id='word_1_209' title='bbox 673 1975 879 2024; x_wconf 75' lang='lat' dir='ltr'>reposuisse</span> <span class='ocrx_word' id='word_1_210' title='bbox 902 1975 1070 2020; x_wconf 51' lang='lat' dir='ltr'>ridetur</span> <span class='ocrx_word' id='word_1_211' title='bbox 1094 1976 1328 2015; x_wconf 62' lang='lat' dir='ltr'>Philanderz</span> <span class='ocrx_word' id='word_1_212' title='bbox 1358 1977 1419 2011; x_wconf 90' lang='lat' dir='ltr'>in-</span> 
     </span>
     <span class='ocr_line' id='line_1_27' title="bbox 65 2028 1419 2082; baseline 0.005 -20"><span class='ocrx_word' id='word_1_213' title='bbox 65 2028 231 2075; x_wconf 68' lang='lat' dir='ltr'>geniose.</span> <span class='ocrx_word' id='word_1_214' title='bbox 261 2029 410 2064; x_wconf 83' lang='lat' dir='ltr'>Bonam</span> <span class='ocrx_word' id='word_1_215' title='bbox 435 2030 587 2078; x_wconf 82' lang='lat' dir='ltr'>copiam</span> <span class='ocrx_word' id='word_1_216' title='bbox 610 2032 734 2078; x_wconf 83' lang='lat' dir='ltr'>ejurat</span> <span class='ocrx_word' id='word_1_217' title='bbox 751 2031 909 2079; x_wconf 80' lang='lat' dir='ltr'>Regius,</span> <span class='ocrx_word' id='word_1_218' title='bbox 934 2032 999 2066; x_wconf 86' lang='lat' dir='ltr'>cui</span> <span class='ocrx_word' id='word_1_219' title='bbox 1022 2043 1059 2067; x_wconf 87' lang='lat' dir='ltr'>et</span> <span class='ocrx_word' id='word_1_220' title='bbox 1078 2043 1261 2082; x_wconf 80' lang='lat' dir='ltr'>corrupta</span> <span class='ocrx_word' id='word_1_221' title='bbox 1281 2033 1419 2072; x_wconf 78' lang='lat' dir='ltr'>nostra.</span> 
     </span>
     <span class='ocr_line' id='line_1_28' title="bbox 22 2083 1419 2138; baseline 0.006 -21"><span class='ocrx_word' id='word_1_222' title='bbox 22 2095 27 2100; x_wconf 86' lang='lat'>·</span> <span class='ocrx_word' id='word_1_223' title='bbox 68 2093 107 2117; x_wconf 83' lang='lat' dir='ltr'>et</span> <span class='ocrx_word' id='word_1_224' title='bbox 127 2083 203 2118; x_wconf 78' lang='lat' dir='ltr'>illa&#39;</span> <span class='ocrx_word' id='word_1_225' title='bbox 218 2083 457 2132; x_wconf 80' lang='lat' dir='ltr'>legebantur,</span> <span class='ocrx_word' id='word_1_226' title='bbox 490 2099 586 2134; x_wconf 84' lang='lat' dir='ltr'>quae</span> <span class='ocrx_word' id='word_1_227' title='bbox 607 2088 653 2123; x_wconf 81' lang='lat' dir='ltr'>ab</span> <span class='ocrx_word' id='word_1_228' title='bbox 682 2087 871 2123; x_wconf 79' lang='lat' dir='ltr'>audaculo</span> <span class='ocrx_word' id='word_1_229' title='bbox 890 2089 1086 2136; x_wconf 83' lang='lat' dir='ltr'>Campano</span> <span class='ocrx_word' id='word_1_230' title='bbox 1118 2088 1305 2125; x_wconf 83' lang='lat' dir='ltr'>videntur</span> <span class='ocrx_word' id='word_1_231' title='bbox 1328 2103 1419 2138; x_wconf 83' lang='lat' dir='ltr'>pro-</span> 
     </span>
     <span class='ocr_line' id='line_1_29' title="bbox 62 2138 1420 2195; baseline 0.007 -22"><span class='ocrx_word' id='word_1_232' title='bbox 62 2138 175 2174; x_wconf 67' lang='lat' dir='ltr'>secta.</span> <span class='ocrx_word' id='word_1_233' title='bbox 407 2142 506 2191; x_wconf 83' lang='lat' dir='ltr'>quod</span> <span class='ocrx_word' id='word_1_234' title='bbox 520 2139 697 2190; x_wconf 74' lang='lat' dir='ltr'>sequitur.</span> <span class='ocrx_word' id='word_1_235' title='bbox 740 2144 803 2179; x_wconf 86' lang='lat' dir='ltr'>Sic</span> <span class='ocrx_word' id='word_1_236' title='bbox 825 2144 958 2181; x_wconf 79' lang='lat' dir='ltr'>Turio.</span> <span class='ocrx_word' id='word_1_237' title='bbox 977 2142 1081 2180; x_wconf 80' lang='lat' dir='ltr'>Flor.</span> <span class='ocrx_word' id='word_1_238' title='bbox 1114 2144 1200 2189; x_wconf 84' lang='lat' dir='ltr'>(hic</span> <span class='ocrx_word' id='word_1_239' title='bbox 1221 2160 1242 2180; x_wconf 81' lang='lat' dir='ltr'>a</span> <span class='ocrx_word' id='word_1_240' title='bbox 1263 2160 1322 2195; x_wconf 81' lang='lat' dir='ltr'>pr.</span> <span class='ocrx_word' id='word_1_241' title='bbox 1345 2148 1420 2192; x_wconf 85' lang='lat' dir='ltr'>m.)</span> 
     </span>
     <span class='ocr_line' id='line_1_30' title="bbox 66 2194 1419 2253; baseline 0.008 -23"><span class='ocrx_word' id='word_1_242' title='bbox 66 2194 203 2245; x_wconf 69' lang='lat' dir='ltr'>Camp.</span> <span class='ocrx_word' id='word_1_243' title='bbox 236 2194 399 2245; x_wconf 76' lang='lat' dir='ltr'>Reliqui</span> <span class='ocrx_word' id='word_1_244' title='bbox 425 2210 518 2246; x_wconf 79' lang='lat' dir='ltr'>quae</span> <span class='ocrx_word' id='word_1_245' title='bbox 537 2196 749 2247; x_wconf 77' lang='lat' dir='ltr'>sequuntur.</span> <span class='ocrx_word' id='word_1_246' title='bbox 1012 2199 1242 2250; x_wconf 81' lang='lat' dir='ltr'>praescribit.</span> <span class='ocrx_word' id='word_1_247' title='bbox 1283 2203 1419 2253; x_wconf 77' lang='lat' dir='ltr'>Camp.</span> 
     </span>
    </p>
   </div>
   <div class='ocr_carea' id='block_1_4' title="bbox 62 2313 1421 2781">
    <p class='ocr_par' dir='ltr' id='par_1_4' title="bbox 62 2313 1421 2781">
     <span class='ocr_line' id='line_1_31' title="bbox 126 2313 1419 2386; baseline 0.009 -24"><span class='ocrx_word' id='word_1_248' title='bbox 126 2334 189 2371; x_wconf 79' lang='lat'>¹5·</span> <span class='ocrx_word' id='word_1_249' title='bbox 237 2313 400 2378; x_wconf 49' lang='lat' dir='ltr'>resupini</span> <span class='ocrx_word' id='word_1_250' title='bbox 428 2349 484 2357; x_wconf 91' lang='lat'>—-</span> <span class='ocrx_word' id='word_1_251' title='bbox 513 2331 602 2381; x_wconf 78' lang='lat' dir='ltr'>qm&#39;d</span> <span class='ocrx_word' id='word_1_252' title='bbox 647 2332 710 2367; x_wconf 82' lang='lat' dir='ltr'>ob·</span> <span class='ocrx_word' id='word_1_253' title='bbox 767 2332 851 2369; x_wconf 81' lang='lat' dir='ltr'>obv.</span> <span class='ocrx_word' id='word_1_254' title='bbox 882 2345 962 2381; x_wconf 85' lang='lat' dir='ltr'>quo</span> <span class='ocrx_word' id='word_1_255' title='bbox 991 2333 1071 2382; x_wconf 80' lang='lat' dir='ltr'>ipse</span> <span class='ocrx_word' id='word_1_256' title='bbox 1099 2332 1211 2372; x_wconf 84' lang='lat' dir='ltr'>locus</span> <span class='ocrx_word' id='word_1_257' title='bbox 1239 2337 1419 2386; x_wconf 74' lang='lat' dir='ltr'>geminus</span> 
     </span>
     <span class='ocr_line' id='line_1_32' title="bbox 63 2385 938 2436; baseline 0.007 -18"><span class='ocrx_word' id='word_1_258' title='bbox 63 2385 200 2421; x_wconf 71' lang='lat' dir='ltr'>veniat.</span> <span class='ocrx_word' id='word_1_259' title='bbox 244 2385 401 2422; x_wconf 82' lang='lat' dir='ltr'>Accidit</span> <span class='ocrx_word' id='word_1_260' title='bbox 428 2387 570 2428; x_wconf 78' lang='lat' dir='ltr'>nostro,</span> <span class='ocrx_word' id='word_1_261' title='bbox 603 2388 711 2436; x_wconf 83' lang='lat' dir='ltr'>quod</span> <span class='ocrx_word' id='word_1_262' title='bbox 768 2389 938 2427; x_wconf 81' lang='lat' dir='ltr'>deducit.</span> 
     </span>
     <span class='ocr_line' id='line_1_33' title="bbox 62 2438 1417 2493; baseline 0.009 -19"><span class='ocrx_word' id='word_1_263' title='bbox 62 2438 173 2488; x_wconf 79' lang='lat' dir='ltr'>supra</span> <span class='ocrx_word' id='word_1_264' title='bbox 203 2445 238 2489; x_wconf 53' lang='grc' dir='ltr'>ᾗ.</span> <span class='ocrx_word' id='word_1_265' title='bbox 265 2453 310 2489; x_wconf 88' lang='lat'>9,</span> <span class='ocrx_word' id='word_1_266' title='bbox 354 2455 398 2479; x_wconf 87' lang='lat' dir='ltr'>ut</span> <span class='ocrx_word' id='word_1_267' title='bbox 431 2443 493 2479; x_wconf 80' lang='lat' dir='ltr'>sua</span> <span class='ocrx_word' id='word_1_268' title='bbox 520 2455 712 2493; x_wconf 81' lang='lat' dir='ltr'>repeteret</span> <span class='ocrx_word' id='word_1_269' title='bbox 822 2447 983 2482; x_wconf 81' lang='lat' dir='ltr'>humano</span> <span class='ocrx_word' id='word_1_270' title='bbox 1002 2467 1058 2474; x_wconf 94' lang='lat'><strong>—</strong></span> <span class='ocrx_word' id='word_1_271' title='bbox 1076 2447 1200 2484; x_wconf 81' lang='lat' dir='ltr'>modo.</span> <span class='ocrx_word' id='word_1_272' title='bbox 1220 2449 1293 2485; x_wconf 75' lang='lat' dir='ltr'>‘Sic</span> <span class='ocrx_word' id='word_1_273' title='bbox 1314 2451 1343 2485; x_wconf 91' lang='lat' dir='ltr'>F</span> <span class='ocrx_word' id='word_1_274' title='bbox 1363 2449 1417 2485; x_wconf 81' lang='lat' dir='ltr'>la·</span> 
     </span>
     <span class='ocr_line' id='line_1_34' title="bbox 62 2494 1419 2552; baseline 0.01 -22"><span class='ocrx_word' id='word_1_275' title='bbox 62 2494 286 2539; x_wconf 78' lang='lat' dir='ltr'>immemor,</span> <span class='ocrx_word' id='word_1_276' title='bbox 306 2511 401 2547; x_wconf 81' lang='lat' dir='ltr'>quae</span> <span class='ocrx_word' id='word_1_277' title='bbox 422 2501 506 2536; x_wconf 88' lang='lat' dir='ltr'>sunt</span> <span class='ocrx_word' id='word_1_278' title='bbox 526 2512 561 2541; x_wconf 88' lang='lat'>2,</span> <span class='ocrx_word' id='word_1_279' title='bbox 581 2513 641 2542; x_wconf 83' lang='grc' dir='ltr'>ιι,</span> <span class='ocrx_word' id='word_1_280' title='bbox 669 2507 707 2546; x_wconf 75' lang='grc'>4.</span> <span class='ocrx_word' id='word_1_281' title='bbox 767 2502 887 2539; x_wconf 85' lang='lat' dir='ltr'>tinam</span> <span class='ocrx_word' id='word_1_282' title='bbox 940 2517 1088 2552; x_wconf 81' lang='lat' dir='ltr'>„paene</span> <span class='ocrx_word' id='word_1_283' title='bbox 1126 2517 1207 2541; x_wconf 88' lang='lat' dir='ltr'>non</span> <span class='ocrx_word' id='word_1_284' title='bbox 1255 2506 1419 2543; x_wconf 75' lang='lat' dir='ltr'>humana</span> 
     </span>
     <span class='ocr_line' id='line_1_35' title="bbox 64 2551 1420 2606; baseline 0.008 -18"><span class='ocrx_word' id='word_1_285' title='bbox 64 2551 142 2598; x_wconf 79' lang='lat' dir='ltr'>(cf.</span> <span class='ocrx_word' id='word_1_286' title='bbox 181 2566 253 2590; x_wconf 84' lang='lat' dir='ltr'>nos</span> <span class='ocrx_word' id='word_1_287' title='bbox 292 2555 335 2590; x_wconf 87' lang='lat' dir='ltr'>in</span> <span class='ocrx_word' id='word_1_288' title='bbox 373 2556 492 2606; x_wconf 81' lang='lat' dir='ltr'>praef.</span> <span class='ocrx_word' id='word_1_289' title='bbox 533 2570 571 2606; x_wconf 84' lang='lat' dir='ltr'>p.</span> <span class='ocrx_word' id='word_1_290' title='bbox 604 2559 711 2603; x_wconf 85' lang='lat'>88.).</span> <span class='ocrx_word' id='word_1_291' title='bbox 770 2564 924 2600; x_wconf 81' lang='lat' dir='ltr'>„voce“</span> <span class='ocrx_word' id='word_1_292' title='bbox 965 2558 1168 2596; x_wconf 81' lang='lat' dir='ltr'>efflandam</span> <span class='ocrx_word' id='word_1_293' title='bbox 1217 2562 1313 2598; x_wconf 87' lang='lat' dir='ltr'>dicit</span> <span class='ocrx_word' id='word_1_294' title='bbox 1356 2575 1420 2604; x_wconf 85' lang='lat'>12,</span> 
     </span>
     <span class='ocr_line' id='line_1_36' title="bbox 65 2608 1420 2667; baseline 0.008 -24"><span class='ocrx_word' id='word_1_295' title='bbox 65 2608 162 2644; x_wconf 79' lang='lat' dir='ltr'>Sunt</span> <span class='ocrx_word' id='word_1_296' title='bbox 179 2619 307 2647; x_wconf 80' lang='lat' dir='ltr'>tamen</span> <span class='ocrx_word' id='word_1_297' title='bbox 334 2613 493 2661; x_wconf 82' lang='lat' dir='ltr'>utrique</span> <span class='ocrx_word' id='word_1_298' title='bbox 518 2613 607 2649; x_wconf 91' lang='lat' dir='ltr'>loco</span> <span class='ocrx_word' id='word_1_299' title='bbox 629 2614 713 2650; x_wconf 85' lang='lat' dir='ltr'>suae</span> <span class='ocrx_word' id='word_1_300' title='bbox 777 2627 852 2656; x_wconf 86' lang='lat'>10,</span> <span class='ocrx_word' id='word_1_301' title='bbox 884 2626 960 2662; x_wconf 85' lang='lat'>29,</span> <span class='ocrx_word' id='word_1_302' title='bbox 992 2617 1092 2653; x_wconf 81' lang='lat' dir='ltr'>unde</span> <span class='ocrx_word' id='word_1_303' title='bbox 1122 2629 1234 2667; x_wconf 85' lang='lat' dir='ltr'>putes</span> <span class='ocrx_word' id='word_1_304' title='bbox 1264 2619 1420 2660; x_wconf 83' lang='lat' dir='ltr'>„huma-</span> 
     </span>
     <span class='ocr_line' id='line_1_37' title="bbox 63 2670 1421 2726; baseline 0.008 -26"><span class='ocrx_word' id='word_1_305' title='bbox 63 2674 244 2707; x_wconf 60' lang='grc' dir='ltr'>ἔκηα-ες,</span> <span class='ocrx_word' id='word_1_306' title='bbox 285 2677 329 2703; x_wconf 86' lang='lat' dir='ltr'>ut</span> <span class='ocrx_word' id='word_1_307' title='bbox 356 2670 622 2717; x_wconf 84' lang='lat' dir='ltr'>geminatione</span> <span class='ocrx_word' id='word_1_308' title='bbox 654 2684 714 2706; x_wconf 87' lang='lat' dir='ltr'>ca·</span> <span class='ocrx_word' id='word_1_309' title='bbox 771 2685 886 2713; x_wconf 82' lang='lat' dir='ltr'>„num</span> <span class='ocrx_word' id='word_1_310' title='bbox 916 2672 1108 2709; x_wconf 86' lang='lat' dir='ltr'>modum“</span> <span class='ocrx_word' id='word_1_311' title='bbox 1142 2677 1292 2726; x_wconf 81' lang='lat' dir='ltr'>opponi</span> <span class='ocrx_word' id='word_1_312' title='bbox 1326 2689 1421 2710; x_wconf 87' lang='lat' dir='ltr'>mur·</span> 
     </span>
     <span class='ocr_line' id='line_1_38' title="bbox 65 2721 1420 2781; baseline 0.012 -29"><span class='ocrx_word' id='word_1_313' title='bbox 65 2729 150 2756; x_wconf 69' lang='lat' dir='ltr'>rere</span> <span class='ocrx_word' id='word_1_314' title='bbox 179 2721 297 2759; x_wconf 82' lang='lat' dir='ltr'>nolis.</span> <span class='ocrx_word' id='word_1_315' title='bbox 351 2725 494 2763; x_wconf 83' lang='lat' dir='ltr'>Malim</span> <span class='ocrx_word' id='word_1_316' title='bbox 518 2726 583 2761; x_wconf 88' lang='lat' dir='ltr'>hic</span> <span class='ocrx_word' id='word_1_317' title='bbox 615 2727 716 2776; x_wconf 80' lang='lat' dir='ltr'>quod</span> <span class='ocrx_word' id='word_1_318' title='bbox 772 2731 867 2764; x_wconf 81' lang='lat' dir='ltr'>muri</span> <span class='ocrx_word' id='word_1_319' title='bbox 886 2729 997 2778; x_wconf 82' lang='lat' dir='ltr'>supra</span> <span class='ocrx_word' id='word_1_320' title='bbox 1019 2729 1159 2779; x_wconf 84' lang='lat' dir='ltr'>posito.</span> <span class='ocrx_word' id='word_1_321' title='bbox 1212 2733 1287 2768; x_wconf 83' lang='lat' dir='ltr'>Sed</span> <span class='ocrx_word' id='word_1_322' title='bbox 1305 2732 1420 2781; x_wconf 81' lang='lat' dir='ltr'>quid-</span> 
     </span>
    </p>
   </div>
   <div class='ocr_carea' id='block_1_5' title="bbox 1154 2874 1174 2901">
    <p class='ocr_par' dir='ltr' id='par_1_5' title="bbox 1154 2874 1174 2901">
     <span class='ocr_line' id='line_1_39' title="bbox 1154 2874 1174 2901; baseline 0 0"><span class='ocrx_word' id='word_1_323' title='bbox 1154 2874 1174 2901; x_wconf 69' lang='lat' dir='ltr'><em>r</em></span> 
     </span>
    </p>
   </div>
   <div class='ocr_carea' id='block_1_6' title="bbox 1443 1087 1494 1126">
    <p class='ocr_par' dir='ltr' id='par_1_6' title="bbox 1443 1087 1494 1126">
     <span class='ocr_line' id='line_1_40' title="bbox 1443 1087 1494 1126; baseline 0.02 -1"><span class='ocrx_word' id='word_1_324' title='bbox 1443 1087 1494 1126; x_wconf 82' lang='lat'>16</span> 
     </span>
    </p>
   </div>
  </div>
 </body>
</html>
