1676 3028
352 233 518 279 LNST.
553 230 834 279 ORATOR.
867 231 990 275 LIB.
1025 229 1122 289 XI,
1169 243 1212 276 1.
1349 243 1448 292 239

97 345 230 414 riter
265 357 407 428 apud
443 359 654 415 amicos„
693 373 1084 424 nonnunquam
1117 357 1176 406 in
1206 355 1449 422 dialogiS,

98 439 270 488 aliena
296 449 472 486 tamen
508 433 757 504 persona,
815 450 1005 484 verum
1033 434 1100 483 de
1137 435 1448 499 eloquentia

99 514 194 564 sua
225 514 367 563 dicit.
455 516 521 562 Et
561 522 736 579 aperte
767 522 941 561 tamen
974 512 1220 577 gloriari,
1268 510 1447 561 nescio

101 609 169 640 an
201 590 267 640 fit
308 591 474 655 magis
517 589 788 638 tolerabile
827 590 915 638 vel
962 587 1071 656 ipsa
1119 590 1242 638 vitii
1280 588 1451 650 hujus

100 667 460 736 simplicitate3
502 683 660 730 quam
688 667 778 715 illa
800 667 857 715 in
885 667 1162 728 jactatione
1189 663 1451 733 perversa,

100 743 144 793 fi
176 743 447 794 abundans
471 743 663 810 opibus
694 760 982 811 pauperem
1016 741 1083 802 se,
1121 743 1322 793 nobilis
1357 743 1454 793 ob-

99 819 330 879 scurum,
370 831 421 868 et
449 832 642 886 potens
673 818 972 878 infirmum,
1011 831 1063 869 et
1096 819 1322 869 disertus
1349 821 1452 869 im-

100 899 334 967 peritum
354 898 512 964 plane
533 907 586 944 et
605 895 867 947 infantem
886 908 1055 948 vocet.
1089 895 1450 947 Ambitiosum

186 1095 252 1122 21.
292 1085 430 1121 aliena.
468 1083 604 1121 Ambr.
628 1095 665 1122 2.
711 1086 839 1122 Guelf.
873 1087 1180 1124 omittunt'cum
1211 1088 1315 1126 Voff.
1347 1100 1381 1124 ι.
1411 1096 1451 1133 5.

96 1143 195 1182 Jens.
219 1153 258 1177 et
276 1141 435 1192 poster-r.
460 1154 546 1178 ante
568 1141 656 1179 Ald.
679 1141 751 1191 sub
773 1142 892 1179 Goth.
923 1147 1013 1188 (tac.
1038 1145 1168 1190 Gesn.)

184 1208 319 1235 tamen.
352 1198 470 1234 Goth.
504 1213 595 1240 cum,
626 1213 714 1235 cum
733 1200 831 1238 Jens.
853 1211 890 1235 et
910 1200 995 1236 edd.
1018 1201 1175 1250 posterr.
1198 1211 1284 1237 ante
1303 1199 1392 1238 ΑΜ.

183 1268 379 1291 verum—
399 1256 568 1303 gloriari.
605 1256 810 1302 Interjecta
843 1257 1034 1294 omittunt
1065 1258 1198 1294 Tur-ic:
1227 1257 1333 1294 Flor.
1364 1257 1451 1301 (hie

101 1326 123 1349 a
141 1326 200 1362 pr.
221 1313 302 1358 m.)
320 1324 409 1346 eum
431 1310 532 1346 Alm.
560 1314 684 1361 Kapp.
941 1313 1022 1362 ipsa
1050 1316 1145 1350 vitii.
1179 1313 1313 1350 Turio.
1342 1313 1448 1351 flor.

99 1369 202 1414 (nisi
230 1369 335 1416 quod
369 1381 416 1403 ex
447 1367 524 1403 hoc
552 1363 679 1420 cupit)
711 1371 735 1406 i.
768 1369 846 1406 alia
874 1373 958 1417 cupi
987 1383 1077 1406 cum
1113 1370 1217 1407 Alm.
1257 1372 1281 1406 ι’.
1318 1371 1386 1405 illa
1413 1385 1451 1407 v.

101 1427 235 1473 Camp.
257 1437 345 1459 cum
366 1423 454 1459 Ald.
477 1424 622 1461 Vidov.
848 1427 916 1462 illa
937 1429 974 1461 in
985 1428 1208 1472 jactatione.
1237 1427 1299 1463 Sic
1318 1427 1452 1464 Turio.

96 1481 204 1518 flor.
233 1479 393 1528 Reliqui
421 1481 610 1516 omittunt
629 1484 678 1518 in.
903 1481 959 1532 se,
986 1484 1133 1520 nobilis.
1165 1483 1301 1526 Turic.
1323 1482 1394 1532 sed
1416 1498 1454 1519 n.

98 1537 203 1573 Flor.
237 1535 275 1585 si
303 1551 339 1570 n.
380 1537 600 1572 Nobiscum
632 1539 782 1574 faciunt
810 1537 914 1574 Alm.
941 1540 1088 1575 Vareos.
1122 1539 1255 1589 Steph.
1286 1540 1454 1589 Capper.

99 1594 209 1630 Gesn.
233 1594 320 1642 Bip.
343 1592 504 1641 Reliqui
529 1604 567 1628 et
586 1595 717 1643 scripti
738 1606 775 1630 et
800 1596 928 1632 excusi
957 1595 1131 1632 inserunt
1158 1605 1280 1644 neget,
1315 1597 1452 1646 Camp-

85 1653 208 1698 'neget
227 1649 277 1699 si.
509 1649 710 1698 infirmum,
744 1661 781 1687 oc
801 1650 966 1702 da’sertus.
995 1653 1090 1689 Bad.
1122 1653 1256 1689 inserit
1287 1655 1311 1690 i.
1341 1665 1455 1704 quam

91 1705 130 1758 si
147 1705 190 1755 se
208 1708 245 1742 d.
278 1719 366 1741 cum
384 1706 542 1755 posterr.
570 1718 656 1742 ante
676 1710 839 1757 Capper.
870 1709 952 1758 Ipse
972 1709 1056 1744 sane
1075 1710 1166 1744 Bad.
1188 1710 1342 1746 invexit
1361 1710 1454 1751 hoc,

99 1763 162 1800 sed
187 1773 231 1798 ut
250 1763 480 1804 remedium,
513 1764 543 1798 fi
566 1764 799 1800 retineretur
823 1774 944 1813 neget,
973 1766 1078 1813 quod
1110 1766 1235 1814 ipsum
1253 1766 1454 1815 improba·

101 1819 189 1857 bat:
217 1830 254 1854 et
279 1817 335 1867 sic
365 1819 534 1860 suadens,
565 1833 636 1855 nec
666 1821 861 1870 recipiens
896 1831 1035 1860 tamen.
1066 1835 1139 1870 pro
1163 1822 1202 1871 si
1233 1834 1319 1858 ante
1340 1823 1455 1860 abun·

101 1875 205 1911 dans.
237 1875 436 1915 Gesnerus,
467 1889 597 1912 carens
627 1876 696 1914 ille
720 1877 847 1925 prima
869 1877 986 1913 Badii
1018 1879 1092 1919 ed„
1126 1890 1327 1915 auctorem
1345 1879 1455 1915 hune

99 1931 296 1982 perversae
317 1945 413 1981 quae
434 1932 635 1969 obtinebat
658 1934 865 1982 scripturae
894 1934 1127 1983 suspicatum
1161 1936 1223 1970 [ed
1243 1946 1347 1971 recta
1367 1947 1455 1971 anto

100 1988 136 2024 l'e
167 1987 427 2024 restituentem
456 1990 619 2038 Capper.
652 2001 763 2027 tacet.
1017 2002 1135 2028 voce-t.
1175 1992 1310 2035 Turio.
1346 1990 1455 2027 Flor.

99 2043 185 2087 (hie
203 2057 222 2079 a
243 2057 300 2092 pr.
321 2047 392 2088 m.)
423 2055 563 2082 vocent.
798 2046 1058 2098 Ambitiosum.
1086 2049 1151 2084 Sic
1183 2048 1318 2084 Turic.
1347 2046 1453 2084 Flor-

99 2100 260 2150 Reliqui
279 2100 631 2152 Ambitiofiffimum.

161 2269 225 2295 ει.
258 2259 326 2294 illa
361 2261 398 2294 ίη
434 2261 639 2304 jactacione
667 2275 748 2309 per·
862 2262 1118 2312 Ambitiosum.

1208 2264 1325 2300 Plano
1379 2279 1453 2314 pro
1503 2290 1510 2300 1

98 2313 218 2363 versa.
267 2316 421 2351 Neutro
456 2329 595 2364 genere
621 2318 748 2366 accipe

99 2372 168 2407 illa
202 2370 395 2420 pervetsa,
432 2373 747 2422 necquidquam

99 2428 269 2465 offendet
302 2428 345 2462 in
365 2429 474 2470 loco,
504 2442 619 2477 quem
641 2431 747 2466 varie

99 2494 295 2520 tentarunt
312 2485 394 2521 VV.
418 2486 510 2523 DD.
539 2498 626 2520 cum
649 2486 748 2522 abes-

96 2540 150 2576 set
172 2542 211 2575 in
231 2542 476 2589 praepositio.
518 2542 746 2590 Simplicita-

100 2604 171 2631 tem
197 2597 289 2633 vide
325 2598 373 2633 ad
403 2609 448 2640 2,
487 2610 534 2638 2,
567 2607 602 2643 5.
634 2610 671 2634 et
700 2598 746 2634 ef.

100 2651 327 2692 Iuvenalem
362 2664 407 2696 2,
445 2662 507 2700 ¹8·
565 2657 749 2695 „Horum

101 2705 347 2758 ‚fimplicitas
363 2711 635 2749 miserabilis.“

798 2317 1011 2368 superbum.
1044 2319 1090 2356 cf.
1120 2323 1154 2366 ὖ.
1181 2329 1246 2365 5ο.
1282 2321 1347 2367 67.
1391 2332 1454 2363 12,

812 2389 826 2409 ι
843 2390 874 2414 ι,
893 2382 952 2419 ι4.
965 2386 1003 2410 et
1020 2374 1173 2424 aliquot
1189 2379 1350 2414 Senecae
1370 2377 1455 2414 loca

804 2432 847 2467 in
871 2430 1041 2480 epistolis
1068 2445 1106 2481 p.
1128 2434 1212 2481 Bip.
1243 2440 1335 2478 407.
1360 2441 1455 2479 403.

805 2488 878 2525 bis.
905 2495 996 2530 410.
1023 2489 1194 2524 Martial.
1212 2500 1248 2537 9,
1271 2490 1335 2534 65.
1358 2492 1454 2527 item

805 2558 877 2581 nos
908 2545 955 2580 ad
989 2545 1035 2585 6,
1079 2557 1125 2590 4,
1171 2547 1208 2582 6.
1259 2546 1457 2583 Deridetur

807 2601 975 2641 auditor,
1018 2614 1104 2638 cum
1133 2617 1248 2651 quem
1288 2604 1455 2639 divitem

806 2658 923 2693 novit
938 2658 972 2693 is
1003 2659 1040 2694 ei
1069 2651 1104 2695 se
1124 2673 1335 2709 pauperem
1359 2673 1455 2695 ven·

809 2714 929 2752 ditat,
989 2729 1037 2750 ne
1095 2717 1244 2765 sperans
1295 2716 1458 2764 quidem

810 2769 939 2807 ullum
959 2773 1153 2810 mendacii
1170 2772 1384 2812 (nescitum.
