1676 3028
659 187 692 198 -

299 313 318 345 1
332 311 390 354 23
608 301 682 347 M.
720 303 850 347 ΕΑΒ.
888 302 1295 363 QUINTlLIANI

293 425 489 483 Ne,cui
510 437 666 474 tenue
686 427 956 490 ingenium
980 426 1208 484 erit,sola
1233 429 1359 476 velit
1380 427 1534 478 fortia
1555 435 1605 476 et
1648 435 1651 439 ’

293 502 530 566 abrupta:
578 503 664 549 cui
692 500 827 550 forte
864 501 1104 566 quidem,
1148 501 1236 550 sed
1268 503 1603 561 indomitum.

291 593 464 625 amore
484 575 774 625 subtilitatis
815 588 864 624 et
886 578 994 626 vim
1026 576 1170 625 suam
1193 577 1388 643 perdat,
1428 580 1605 636 etwelea

290 653 535 715 gantiam‚·
573 641 728 716 quam³
751 653 910 717 cupit,
950 669 1060 701 non
1079 650 1377 717 assequatur.
1448 654 1605 702 Nihil

290 726 361 774 est
383 728 524 774 enim
549 737 652 774 tam
674 725 934 783 indecens,
958 744 1113 790 quam
1133 726 1251 776 cum
1271 726 1450 777 mollia
1472 727 1604 777 dure

212 818 263 845 20
286 800 434 850 fiunt.
510 804 681 866 Atque
711 818 808 866 ego
845 802 925 851 illi
955 804 1296 869 praeceptori,·
1332 820 1491 868 quem
1523 804 1605 851 in-

284 876 557 927 stituebam
586 878 644 924 in
678 878 816 927 libro
853 877 1111 936 secundo,
1169 878 1383 927 credidiv
1402 895 1514 928 non
1546 895 1605 927 ea

284 1020 414 1067 Camp.
443 1027 632 1067 repugnat.
868 1020 948 1059 Ne,
980 1021 1045 1056 cui.
1076 1020 1138 1056 Sic
1172 1021 1301 1056 Turio·
1342 1019 1444 1059 Flor.
1476 1019 1603 1056 Guelf.

283 1075 400 1111 Goth.
439 1077 525 1120 (tac.
560 1075 686 1118 Gesn.)
725 1087 812 1110 cum
838 1075 941 1111 Voss'.
968 1088 1000 1108 1.
1026 1084 1061 1111 2.
1085 1085 1122 1119 3.
1176 1075 1276 1114 Vall.
1325 1075 1417 1111 Bad.
1446 1074 1603 1123 Reliqui

281 1132 361 1167 Nec
381 1131 447 1164 cui.
653 1130 754 1166 velit.
787 1130 912 1166 Guelf.
941 1131 1050 1165 velut.
1255 1133 1313 1166 cui
1324 1129 1441 1177 forte.
1471 1130 1601 1166 Turio.

279 1185 383 1220 Flor.
413 1185 539 1221 Guelf.
567 1187 627 1233 qui
649 1185 684 1232 f.
733 1198 818 1220 cum
853 1185 967 1222 Goth.
1011 1186 1114 1222 Voff.
1156 1199 1188 1222 ι.
1219 1196 1256 1221 2.
1285 1195 1322 1230 3.
1360 1185 1458 1223 Jens.
1487 1186 1600 1220 Tarv.

278 1241 311 1276 A
335 1241 400 1276 sec.
426 1254 542 1275 manu
561 1241 688 1276 Turio.
720 1243 781 1289 qui
800 1241 966 1288 fortem,
1002 1251 1037 1275 et
1067 1242 1113 1274 fic
1135 1242 1263 1288 Camp.
1320 1241 1418 1275 Mox
1444 1252 1601 1275 amorem
1651 1269 1654 1274 .

279 1296 412 1331 Turic.
437 1297 474 1339 (a
495 1297 561 1331 sec.
585 1297 654 1339 m.)
687 1296 815 1344 Camp.
839 1308 926 1331 cum
946 1295 1048 1331 Voff.
1077 1307 1108 1330 ι.
1134 1305 1170 1338 3.
1371 1294 1598 1344 subtilitatis.

277 1349 380 1385 Flor.
425 1351 463 1396 (a
493 1351 559 1386 sec.
590 1351 662 1396 m.)
703 1349 944 1399 sublimitatis
972 1363 1058 1385 cum
1088 1351 1204 1387 Goth.
1236 1349 1335 1395 Van.
1364 1350 1455 1386 Bad.
1491 1348 1596 1385 Bafil.

277 1405 425 1453 nyph.
445 1416 481 1441 et
502 1405 651 1453 aliquot
671 1407 771 1453 apud
790 1409 920 1442 Burm.
1146 1407 1287 1454 perdat.
1319 1405 1448 1440 Turic-
1468 1406 1609 1453 Camp„

273 1461 413 1508 perdet.
662 1459 874 1510 affiquatur.
924 1460 1050 1497 Guelf.
1093 1459 1275 1509 sequatur.
1323 1461 1452 1496 Turio.
1494 1460 1597 1495 Flor.

274 1510 405 1563 camp.
446 1514 679 1564 persequatur
726 1529 814 1552 cum
845 1516 961 1551 Goth.
995 1517 1099 1551 Voss'.
1134 1529 1167 1550 ι.
1196 1527 1232 1552 2.
1267 1524 1303 1559 5.
1353 1514 1465 1550 Bodl.
1495 1514 1598 1549 Alm.

272 1570 383 1606 Colb.
425 1573 558 1606 Ioann.
597 1581 633 1606 et
675 1571 759 1606 edd.
791 1582 876 1606 ante
909 1571 1015 1606 Bafil.
1246 1571 1334 1605 dure
1357 1569 1471 1616 fiunt.
1535 1571 1598 1607 Sic

271 1625 402 1660 Turio.
425 1626 550 1662 Guelf.
575 1639 662 1661 cum
688 1626 804 1662 Goth.
826 1628 929 1666 Vols.
954 1638 988 1662 2.
1010 1630 1246 1675 (quanquam
1266 1625 1331 1660 hic
1349 1626 1476 1670 durae)
1496 1624 1594 1661 Vall.

267 1683 360 1723 (err.
391 1682 534 1726 Badio)
565 1681 657 1716 Bad.
692 1683 813 1716 Stoer.
849 1681 1012 1717 Chouet.
1047 1682 1157 1718 Leid.
1185 1680 1372 1728 durescunt
1400 1680 1528 1715 Turio.
1559 1684 1597 1725 (a

267 1736 335 1770 fec.
352 1740 421 1781 m.)
449 1737 577 1784 Camp.
602 1748 688 1771 eum
708 1735 821 1773 Bodl.
844 1747 881 1772 et
901 1737 984 1774 edd.
1008 1748 1091 1772 ante
1111 1738 1202 1772 Bad.
1225 1749 1299 1771 acc.
1319 1735 1414 1771 Obr.
1441 1735 1598 1784 Reliqui

268 1790 316 1824 du

317 1791 417 1883 ηαξ.
446 1847 578 1895 Atque.
609 1848 740 1896 Camp.
769 1848 822 1883 Ac
843 1862 947 1898 quae.
1164 1847 1232 1883 illi,
1262 1846 1392 1882 Turic.
1434 1846 1511 1881 illa.

344 1899 582 1950 infiituebam.
633 1903 694 1938 Sic
724 1904 854 1939 Turio.
885 1903 986 1939 flor.
1023 1904 1152 1951 Camp.
1199 1914 1287 1938 cum
1313 1901 1407 1938 Obn·
1437 1901 1596 1949 Reliqui

267 1954 502 2005 institueram.
705 1960 755 1993 in·
783 1958 885 1997 Voff.
916 1973 950 1996 1.
972 1967 1008 2002 3.
1041 1959 1235 1994 omittunt.
1444 1956 1591 1993 credidi.

267 2067 357 2103 dum
392 2079 471 2104 erat
506 2082 648 2105 nomen
685 2069 903 2108 imitabilia;
957 2070 1220 2117 percensentur
1242 2066 1500 2116 fingula,quae
1520 2065 1592 2102 illo

265 2135 482 2171 quanquam
512 2138 590 2160 non
621 2125 670 2160 est
703 2125 807 2172 quod
834 2125 902 2160 du·
957 2135 1159 2173 praecepto
1182 2123 1437 2159 eontinentur.

263 2177 430 2215 bitemus
458 2180 503 2215 de
531 2193 626 2215 voce
660 2180 901 2220 inimitabilis,
1014 2194 1093 2214 curn
1121 2180 1248 2214 mollia
1275 2179 1363 2212 (lure
1382 2177 1495 2224 fiunt.
1554 2179 1590 2211 Is

263 2234 361 2268 circa
391 2246 505 2282 quam
536 2234 666 2271 haeret
692 2246 728 2270 et
765 2235 901 2283 paulu-
959 2236 1027 2283 qui
1056 2247 1187 2270 natura
1219 2246 1302 2268 acer
1328 2243 1364 2267 et
1384 2232 1590 2268 vehemens

261 2286 342 2322 lum
363 2290 497 2325 aestuat
527 2291 694 2338 optimus
715 2291 900 2326 Gesnerus
959 2293 1159 2337 (ingenium
1179 2289 1460 2332 indomitum),fi
1481 2288 1589 2335 supra

259 2342 302 2376 in
313 2343 515 2385 Thesauro,
530 2346 669 2392 [uiQu.
682 2346 898 2386 immemor,
955 2347 1116 2380 modum
1138 2343 1233 2380 velit
1257 2341 1407 2390 elegans
1426 2342 1510 2382 effe,
1541 2355 1587 2378 eo

259 2398 368 2442 cujus
413 2397 543 2434 locum
591 2401 757 2449 defigunt
801 2400 896 2436 alios
952 2401 1119 2436 maxime
1184 2397 1423 2446 displicebit,
1481 2397 1586 2445 quod

255 2452 402 2488 secutus
423 2464 458 2493 2,
487 2465 547 2498 17,
578 2465 614 2490 2.
645 2457 714 2504 qui
735 2456 897 2491 debebat
953 2456 1046 2491 dure
1080 2466 1116 2491 et
1147 2454 1271 2502 ssigide
1313 2452 1426 2488 faciet
1452 2451 1585 2488 mollia

255 2508 326 2542 effe
367 2517 411 2548 2,
447 2508 516 2547 16,
559 2511 617 2547 16.
703 2510 893 2558 Virgilius
951 2523 1002 2550 en,
1034 2523 1130 2559 quae
1149 2508 1326 2558 captabit.

253 2573 375 2598 :metro
416 2562 495 2598 solo
535 2577 686 2601 coactus
728 2566 893 2602 variavit
1007 2575 1071 2600 20.
1102 2564 1330 2614 praeceptori
1352 2578 1409 2586 —
1430 2561 1466 2594 in
1488 2559 1581 2596 libro

253 2630 327 2652 non
375 2619 554 2654 imitabile
591 2620 739 2667 fulmen
792 2622 887 2656 Aen.
938 2620 1111 2669 secundo.
1195 2618 1321 2654 Vide·
1354 2616 1434 2660 ejus
1488 2613 1581 2650 libri

249 2672 286 2713 6,
318 2681 410 2720 590.
946 2688 1026 2723 cap.
1060 2681 1096 2718 8.
1152 2673 1306 2708 Nexum
1341 2670 1478 2704 harum
1507 2682 1580 2716 ego

301 2729 369 2769 Ne,
393 2731 456 2764 cui.
489 2731 630 2766 Pendet
648 2731 723 2767 hoc
747 2729 884 2767 abillo
942 2730 1208 2765 sententiarum
1254 2725 1366 2762 talem
1418 2725 1576 2760 commi·
1629 2774 1635 2785 ι
1675 2719 1676 2727 ’

240 2784 435 2826 „consulat
462 2785 541 2821 suas
568 2784 718 2827 virbs‘u
750 2787 881 2832 etjam
939 2786 1076 2820 niscor.
1135 2781 1313 2823 „Poss'um
1333 2779 1462 2816 videri
1485 2791 1577 2815 cou-
1626 2787 1629 2791 ⁴
