1676 3028
230 897 276 924 22

307 242 401 286 523
588 287 591 291 .
615 231 690 278 Μ.
724 231 854 277 FAB.
890 229 1294 291 oum‘rlLIAm

305 351 651 403 serviendum.
742 355 821 402 An
859 352 983 400 haec
1024 358 1133 410 no'n
1166 351 1462 416 frequenter
1505 360 1604 398 tra-

307 430 460 477 ctabit
503 429 710 476 orator?
795 429 876 476 An
913 429 975 475 de
1015 430 1276 495 auguriis,
1304 421 1605 496 -rqs‘ponfis,

306 505 551 571 religione
590 503 816 566 denique
847 505 1016 560 omni,
1065 503 1129 550 de
1160 504 1352 566 quibus
1387 503 1602 559 maxima

304 577 450 642 saepe
483 580 538 627 in
559 576 736 627 senatu
759 576 968 626 consilia
996 576 1187 627 versata
1212 577 1345 635 sunt,
1371 591 1483 627 uon
1498 578 1670 624 eri-006

305 655 354 701 ei
390 651 762 710 differendum,
786 651 843 701 Τί
871 653 1114 718 quidem,
1150 664 1212 701 ut
1244 654 1396 702 nobis
1425 650 1605 715 placet,

303 726 512 778 futurus
540 727 611 776 est
637 730 720 776 vir
749 729 918 778 civilis
951 729 1127 776 idem?
1204 733 1346 797 Quae
1382 722 1607 792 denique

304 804 528 869 intelligi
555 799 920 868 saltempotest
957 805 1256 867 eloquentia
1291 804 1520 854 hominis
1551 819 1608 852 o-

305 881 468 943 ptima
505 877 808 928 nescientis?
866 883 1003 927 Haec
1037 878 1079 927 si
1110 881 1311 928 ratione
1341 877 1608 928 manifesta

303 971 415 1004 nou
447 953 626 1011 effent,
659 955 908 1020 exemplis
936 965 1106 1003 tamen
1137 955 1471 1004 crederemus.
1532 956 1609 1002 Si-

304 1029 519 1093 quidem
552 1039 602 1077 et
635 1031 910 1085 Periclem,
957 1035 1105 1090 cujus
1135 1031 1485 1093 eloquentiae,
1535 1039 1609 1077 et-

303 1103 450 1152 iamfi
473 1106 620 1153 nulla
645 1103 710 1152 ad.
735 1122 832 1152 nos
849 1116 1187 1154 monumenta
1202 1116 1476 1162 venerunt,
1496 1106 1608 1154 vim

302 1188 475 1228 tamen
508 1179 769 1242 quandam
804 1179 1165 1228 incredibilem
1202 1197 1320 1229 cum
1360 1180 1607 1238 historici,

302 1264 419 1303 tum
454 1257 624 1311 etiam,
662 1255 990 1303 liberrimum
1017 1256 1294 1304 hominum
1317 1271 1500 1319 genus,
1523 1272 1609 1304 co-

302 1330 427 1378 mici
447 1340 646 1378 veteres
669 1329 893 1386 tradunt,
917 1333 1241 1395 Anaxagorae
1261 1329 1462 1395 physici
1486 1345 1608 1379 con-

299 1398 397 1453 stat*
420 1404 716 1454 auditorem
738 1402 913 1453 fuiffe:
956 1417 1007 1453 et
1027 1404 1446 1464 Demosthenem,
1463 1407 1607 1472 prin-

296 1588 426 1613 notam
456 1579 671 1627 reponitur.
953 1578 1012 1613 An
1045 1579 1089 1613 de
1118 1591 1202 1626 aug.
1260 1579 1322 1614 Sic
1352 1580 1482 1628 Camp.
1521 1583 1605 1617 Jam.

297 1633 338 1669 aL·
363 1647 396 1668 a.
432 1633 586 1682 reliqui.
639 1633 786 1681 futuros
807 1631 876 1681 sed
903 1635 959 1668 vir
989 1634 1091 1669 Flor.
1149 1635 1244 1669 idem
1273 1647 1349 1672 om.
1381 1636 1510 1684 Camp.

383 1730 446 1756 22.
496 1723 633 1757 rat1'oni
661 1722 789 1755 Turio.
822 1721 924 1757 Flor.
955 1722 1087 1758 Ambr.
1122 1731 1155 1755 2.
1197 1721 1324 1756 Guelf.
1355 1723 1471 1759 Goth.
1511 1725 1605 1771 (tac.

299 1777 425 1817 Gelu.)
457 1777 586 1824 Camp.
608 1775 744 1823 saltem
773 1789 844 1823 pro
876 1785 995 1811 tamen
1024 1777 1153 1811 Turic.
1186 1776 1287 1812 Flor.
1325 1790 1355 1812 e.
1385 1757 1498 1815 Alm?
1539 1781 1605 1815 Pe·

297 1832 431 1871 riclem,
464 1831 673 1866 accusativo
706 1833 889 1872 Romano,
920 1832 965 1866 ad
992 1844 1111 1866 unum
1143 1844 1273 1867 omnes
1300 1834 1388 1873 mei,
1418 1847 1532 1882 quare
1550 1836 1608 1869 ni-

299 1886 360 1921 hil
389 1898 535 1922 mutare
564 1887 645 1921 sum
676 1887 795 1921 ausus.
850 1896 1089 1934 pervenerunt
1118 1887 1246 1934 Camp.
1275 1886 1409 1935 placet.
1465 1886 1607 1938 histori-

301 1955 379 1977 cum
411 1945 517 1976 etiam
547 1941 760 1976 uberrimum
789 1943 919 1977 Turic.
950 1941 1051 1977 Flor.
1082 1942 1313 1990 postremum
1343 1955 1372 1977 c.
1404 1943 1503 1979 Alm.
1555 1955 1606 1979 et-

300 1999 375 2032 iam
406 2011 481 2034 om.
512 1999 641 2046 Camp.
675 2010 705 2032 c.
738 1997 853 2032 Goth.
975 1998 1068 2032 hom.
1098 2010 1221 2044 genus.
1255 1997 1316 2032 Sic
1343 1997 1474 2033 Turic-
1502 1998 1618 2034 Flors

300 2053 427 2091 Guelf.
459 2066 495 2100 g.
527 2053 561 2087 h.
593 2051 748 2101 reliqui.
779 2051 955 2088 Graeciae
983 2061 1165 2088 oratorem
1195 2052 1325 2088 Turio.
1347 2052 1450 2090 Flor.
1473 2054 1602 2103 Camp.

355 2208 461 2258 Quae
504 2207 655 2256 denique
694 2227 750 2235 -—
778 2206 925 2255 saltem.
981 2205 1328 2247 ricleae,maximus
1342 2206 1602 2254 Thucydides.

299 2263 399 2299 Cum
441 2261 690 2310 interrogatio
730 2264 774 2299 [it
815 2262 926 2297 instar
979 2262 1197 2301 Liberrimi‚
1243 2261 1345 2297 nihil
1375 2273 1479 2298 erant
1512 2263 1601 2298 adu-

297 2317 532 2365 negationis,
566 2317 675 2352 facile
694 2317 926 2365 intelligitur
980 2316 1118 2351 lationi
1138 2317 1282 2356 daturi.
1311 2328 1347 2353 et
1367 2328 1457 2353 tunc
1477 2318 1600 2367 ipsum

290 2372 447 2420 saltem,
479 2372 608 2409 valens
629 2374 784 2421 quidem.
815 2374 862 2408 cf.
886 2373 922 2412 6,
980 2373 1284 2406 conviciabantur.
1315 2372 1361 2407 cf.
1383 2383 1421 2408 et
1446 2381 1504 2412 ιε,
1539 2384 1600 2411 ιο,

275 2436 334 2471 05,
372 2435 432 2471 ²5·
979 2433 1044 2471 24·
1074 2427 1143 2462 ubi
1165 2427 1476 2474 Demosthenicae
1498 2424 1604 2460 ,δεινό-

355 2483 848 2533 22.liberr1‘mum—genus,
866 2497 922 2519 co·
976 2496 1077 2526 τητος
1103 2483 1213 2529 origo
1242 2480 1433 2517 Platonica
1458 2481 1601 2517 iterum

297 2539 392 2572 mici.
423 2539 468 2574 cf.
490 2548 524 2578 2,
553 2539 612 2579 ιθ,
639 2552 700 2588 ¹9·
731 2553 791 2580 ιο.
809 2545 920 2582 1,82.
979 2537 1262 2572 demonstratur.
1301 2538 1386 2571 Hoc
1408 2545 1530 2570 autem
1555 2535 1600 2570 de

292 2590 354 2629 De
383 2607 461 2628 cum
487 2604 524 2629 et
551 2602 626 2628 tum
655 2596 700 2632 cf.
724 2602 762 2641 4,
789 2610 824 2636 1,
855 2593 918 2630 66.
976 2591 1215 2640 philosophis
1236 2591 1454 2626 doctoribus
1475 2601 1597 2625 orato-

293 2644 570 2693 Historicorum,
603 2650 671 2696 qui
691 2651 810 2687 testati
837 2650 921 2684 sunt
976 2660 1063 2682 rum
1092 2646 1218 2681 sumfit
1243 2657 1263 2680 a
1289 2645 1471 2682 Cicerone
1494 2645 1597 2681 Orat.

290 2702 551 2749 praestantiam
584 2703 823 2754 eloquentiae
853 2706 918 2738 Pe·
975 2711 1006 2738 e.
1029 2710 1065 2744 4.
