1630 3048
199 213 276 275 ⁶4

517 216 592 262 M.
637 214 770 262 Fami
817 216 1227 278 QUINTILIANI

209 338 384 391 nervis
420 344 618 391 intenta
656 338 799 398 sunt,
851 351 954 389 tarn
997 338 1134 389 nihil
1179 340 1403 391 otiosum
1415 354 1453 401 ‚³
1484 344 1530 391 is

210 413 419 465 dicendi
450 417 665 474 modus,
704 427 764 464 ut
786 423 881 464 nec
906 415 1052 480 quod
1077 415 1202 464 defit
1223 418 1280 464 in
1305 434 1394 474 eo,
1432 433 1529 466 neo

137 509 189 544 77
214 492 359 555 quod
379 492 636 540 redundet
668 492 917 539 invenias.

1002 492 1213 539 Plenior
1238 487 1530 563 Aeschiroes‚

206 577 259 614 et
306 570 470 632 magis
510 566 691 622 fusus,
745 577 797 614 et
845 565 1113 630 grandiori
1158 564 1362 624 fimilis,
1420 583 1528 631 quo

205 643 380 691 minus
421 642 623 690 strictus
660 639 756 690 est:
813 642 978 688 carnis
1009 652 1180 688 tamen
1210 641 1331 705 plus
1358 641 1618 699 habet‚902

830 716 1014 764 Dulcis
1042 716 1303 780 imprimis
1333 726 1384 764 et
1412 733 1533 765 acu-

199 718 382 766 -minus
416 719 744 765 lacertorum.

205 803 288 840 tus
319 793 638 856 Hyperides.-
671 790 760 839 sed
792 792 1085 840 minoribus
1117 789 1303 848 caufis,
1339 801 1398 840 ut
1423 786 1532 840 non

291 933 468 968 invenias.
526 932 656 966 Turic.
677 931 779 968 Flor.
806 934 822 976 (
838 931 902 966 hic
923 945 945 971 a.
962 944 1022 978 pr.
1043 933 1124 975 m.)
1154 934 1324 967 invenies.

291 997 355 1031 77.
388 987 547 1023 Plenior.
605 986 736 1022 Turio.
765 987 956 1036 pleniora,
989 1001 1007 1020 a
1034 989 1099 1023 sec.
1119 1002 1169 1022 m.
1198 988 1380 1034 planiora.
1413 989 1458 1023 cf.
1493 999 1529 1035 9,

207 1048 253 1085 4.
276 1048 339 1085 54-

578 1042 691 1075 minus
719 1043 945 1078 lacertorum.

1014 1044 1076 1078 Sic
1104 1042 1233 1078 Turio.
1264 1042 1365 1078 Flor.
1398 1043 1530 1091 Camp-

205 1096 324 1133 Goth.
354 1097 450 1134 Jens.
483 1098 579 1141 (tac.
613 1097 750 1140 Gesn.)
778 1111 865 1132 cum
885 1098 968 1132 edd.
989 1108 1072 1132 ante
1091 1097 1198 1133 Bafil.
1256 1097 1415 1145 Reliqui
1436 1098 1462 1132 l.
1483 1111 1530 1132 m.

291 1151 486 1186 minoribus
513 1152 634 1197 caufis.
696 1153 825 1188 Turic.
856 1153 958 1188 Flor.
991 1153 1080 1194 (hic
1105 1167 1125 1187 a
1155 1166 1213 1201 pr.
1237 1155 1317 1197 m.)
1347 1153 1532 1188 omittunt

196 1220 292 1260 ‘eum
312 1207 412 1242 Ahu.
440 1220 460 1241 a
481 1220 557 1254 quo
571 1205 640 1255 sed
665 1220 818 1255 quoque
840 1208 957 1243 abeffe
982 1219 1144 1245 narrant.

264 1339 326 1372 77.
361 1329 518 1364 Plenior.
577 1329 693 1364 Recte
713 1340 843 1366 contra

204 1384 408 1422 Barthium
447 1384 494 1418 ad
522 1385 612 1418 Stat.
649 1384 771 1419 Theb.
806 1392 867 1428 3,‘

203 1441 294 1484 683.
329 1439 499 1474 defendit
520 1439 681 1473 nostram
704 1452 841 1475 vocem

195 1497 467 1535 Burmannus,
521 1506 568 1528 ue
618 1505 838 1541 reponatur,

202 1550 307 1598 quod
334 1548 420 1584 vult
442 1547 528 1588 ille,
560 1548 716 1594 planior.
761 1550 838 1584 Ne-

201 1618 277 1653 que
327 1603 429 1639 enim
471 1603 680 1651 quidquam
718 1605 838 1652 magis

201 1661 358 1709 proprie
402 1658 613 1706 opponitur
636 1655 766 1704 stricto
804 1670 840 1695 ct

202 1715 333 1762 gracili
363 1727 475 1761 quam
505 1713 670 1759 plenum,
717 1714 837 1754 velut,

203 1770 393 1804 indicante
424 1770 579 1806 Burm.,
620 1767 737 1804 Ovid.
772 1780 839 1805 art.

203 1838 275 1860 am.
312 1833 356 1864 2,
381 1817 478 1859 ⁴661.
525 1824 629 1863 „Dic
658 1823 839 1864 habilem,

203 1892 480 1927 „quaecunque
532 1878 686 1918 brevis,
745 1893 840 1927 quae

203 1935 402 1983 „turgida,
432 1933 631 1980 plenam.“
667 1945 704 1969 et
731 1937 839 1970 Rem.

203 1999 295 2034 527.
327 1988 548 2036 „Turgida,
579 1990 605 2023 fi
634 1989 745 2037 plena
777 1990 837 2029 est,

201 2046 256 2086 „fi
285 2044 382 2079 fusca
408 2045 477 2084 est,
509 2045 617 2091 nigra
641 2050 840 2080 vocetur.“

203 2101 277 2147 Qu.
310 2099 482 2134 Declam.
514 2110 548 2141 7.
574 2113 612 2146 p.
636 2100 722 2147 Bip.
749 2104 837 2144 140.

201 2154 390 2195 „solidum
411 2154 644 2202 plenumque
661 2158 840 2202 e01·pus.·‘

201 2210 281 2244 Ubi
307 2210 392 2257 plus
421 2212 558 2250 carnis,
606 2210 664 2246 ibi
695 2210 839 2257 plenius

200 2276 354 2312 eorpus.

195 2387 197 2390 ⁴
258 2376 477 2422 Hyperides.
552 2375 629 2423 Qui
675 2374 752 2409 hoc
791 2375 837 2409 de

202 2429 422 2465 minoribus
472 2433 585 2466 caufis
625 2430 837 2477 Hyperidis

203 2485 361 2532 ingenio
386 2486 682 2521 accommodatis
704 2485 837 2519 diserte

203 2540 304 2574 dicat
339 2550 487 2587 praeter
517 2542 708 2580 nostrum,
758 2552 838 2574 non

195 2595 374 2630 invenio.
433 2596 491 2629 Eo
523 2606 647 2630 tamen
679 2595 840 2630 tendunt

198 2649 281 2685 ‘fere
302 2663 395 2698 quae
419 2649 600 2697 leguntur
619 2651 719 2698 apud
739 2651 838 2685 Dio—

203 2706 349 2752 nyfium
372 2708 438 2753 (Ρ.
471 2710 548 2748 454
578 2706 702 2752 seq.),
741 2706 838 2739 Her-

897 1342 1099 1377 mogenem
1146 1329 1213 1378 (p.
1263 1334 1357 1375 420.
1399 1330 1530 1376 491.),

895 1385 1120 1431 Longinum
1143 1397 1174 1420 c.
1195 1391 1273 1428 54„
1305 1385 1530 1420 Ciceronem

898 1440 942 1474 de
968 1439 1034 1474 Or.
1057 1449 1094 1482 5,
1121 1450 1156 1482 7.
1188 1440 1257 1478 Or.
1278 1438 1342 1475 26.
1362 1448 1429 1481 δι.
1467 1440 1531 1474 Do

895 1495 1003 1541 Lyfia
1031 1495 1187 1542 quidem
1213 1496 1262 1530 fic
1290 1494 1411 1528 censet
1433 1493 1528 1528 Dio-

896 1551 1022 1596 nylius
1044 1563 1080 1596 p.
1106 1555 1196 1592 488.
1223 1557 1314 1592 542·
1335 1558 1371 1583 et
1392 1550 1528 1589 Cicero

897 1605 941 1638 de
969 1615 1046 1652 opt.
1067 1617 1149 1652 gen.
1173 1602 1295 1639 Oratt.
1321 1617 1351 1638 c.
1375 1612 1411 1646 5.
1434 1614 1528 1639 extr.

895 1658 1118 1694 Dolendum
1161 1659 1210 1693 est
1239 1669 1383 1698 autem,
1422 1657 1530 1693 illam

898 1727 1010 1761 quam
1029 1715 1237 1760 Dionysxus
1258 1712 1430 1761 promiIit
1445 1714 1528 1759 Hy-

897 1769 1063 1817 peridis,
1095 1769 1362 1804 Demosthenis
1394 1778 1430 1803 et
1458 1769 1530 1802 Ac-

897 1823 1035 1859 sehinis
1081 1824 1271 1859 censuram
1310 1822 1529 1858 defiderari:

896 1879 977 1914 vid.
1007 1893 1043 1927 p.
1077 1885 1125 1922 45
1138 1893 1168 1914 ι.
1197 1879 1287 1925 629.
1345 1877 1531 1914 Funebris

898 1934 977 1979 ejus
1017 1933 1245 1969 laudationis
1275 1933 1530 1980 fragmentum

897 2003 915 2023 a
943 1989 1103 2024 Stobaeo
1138 1989 1323 2023 servatum
1365 2001 1401 2036 p.
1435 1987 1529 2031 618.

897 2045 982 2088 (ed.
1014 2044 1154 2089 Gesn.)
1184 2043 1323 2078 merito
1358 2043 1529 2078 certatim

895 2098 1048 2133 laudant
1068 2099 1150 2135 VV.
1170 2099 1260 2132 DD.
1294 2100 1339 2132 In
1358 2110 1435 2145 quo
1455 2111 1527 2145 pro

895 2153 999 2189 hisee
1032 2149 1125 2198 ὅμως
1153 2152 1188 2187 δὲ
1209 2152 1283 2200 χρὴ
1305 2150 1448 2200 θαρῥεῖν
1470 2153 1529 2187 καὶ

894 2212 954 2252 τῆς
981 2207 1093 2251 λύπης
1114 2209 1292 2257 παραινεῖν
1312 2206 1358 2248 εἷς
1377 2205 1421 2242 ‘to‘
1440 2207 1529 2242 ivbe-

891 2263 1043 2311 χὸμενον
1066 2264 1268 2311 legendum
1293 2262 1529 2310 suspicor—-

893 2320 939 2364 τῇ
966 2317 1061 2363 λύπῃ
1083 2332 1120 2352 π.
1149 2329 1214 2353 aut
1238 2321 1298 2360 τῆς
1330 2314 1441 2361 λύπης
1459 2331 1527 2351 πα-

893 2375 1023 2422 ραιρεῖν
1053 2392 1124 2407 -—-.
1181 2372 1222 2406 si
1250 2371 1413 2407 Libanio
1447 2385 1526 2407 crc-

895 2430 1031 2468 dimus,
1060 2425 1319 2479 Hyperideam
1342 2426 1424 2467 effe,
1446 2439 1526 2462 non

894 2483 1210 2520 Demostheneam
1231 2507 1241 2521 ,,
1315 2481 1528 2517 orationem

893 2538 969 2586 περὶ
998 2542 1068 2572 τῶν
1090 2534 1174 2584 πςιδς
1193 2533 1424 2584 ’.Αλέξανδρον
1448 2549 1526 2572 συν·

893 2598 1024 2638 θηκῶν,
1041 2593 1124 2628 satis
1142 2590 1210 2625 illa
1227 2591 1388 2626 ostendit
1402 2591 1525 2627 lenio-

894 2662 974 2684 rem
1011 2660 1123 2696 quam
1163 2645 1212 2680 est
1256 2645 1526 2683 Demosthenis

896 2703 1158 2739 characterem.
