1630 3048
393 168 560 214 INST.
607 165 899 229 ORATOR.s
927 163 1049 208 LIB.
1095 163 1168 220 X,
1215 175 1258 207 1.
1425 163 1500 208 .6.1

132 293 296 356 daim,
357 312 495 362 quae
535 293 686 362 poffis
729 290 1079 363 decerperet?
1122 301 1174 341 et
1198 293 1506 358 praecipue

141 374 433 431 Philemon,
478 376 575 437 qui
610 383 671 421 ut
702 372 878 437 pravis
910 368 994 419 sui
1014 370 1268 435 temporis
1289 369 1506 431 judiciis

55 450 448 502 900Menandr0
491 449 640 516 saepe
678 449 938 514 praelatus
982 445 1089 504 est,-
1143 448 1216 494 ita
1247 445 1505 496 consensu

144 539 319 588 tamen
343 528 585 577 omnium
608 527 805 574 meruit
832 523 977 573 credi
999 522 1276 572 secundus.
1327 521 1502 573 Histo-
1526 538 1579 574 75

139 608 279 655 riam
311 605 477 653 multi
501 602 745 669 scripsere
774 602 1064 668 praeclare,
1103 599 1192 649 sed
1217 617 1379 650 nemo
1403 600 1505 650 du-

146 683 280 731 bitat
311 682 470 747 longe
505 681 643 730 duos
682 681 866 729 ceteris
901 677 1306 745 praesefendos,
1367 695 1504 744 quo-

148 776 272 809 rum
311 756 517 807 diversa
558 759 729 807 virtus
762 755 979 806 laudem
1012 772 1177 822 paene
1216 753 1290 804 est
1321 772 1504 822 parem

229 899 352 952 poffis.
413 900 543 937 Guelf.
565 898 726 950 poffimc,
758 901 865 938 Voss'.
898 915 932 936 1.
957 909 994 944 5.
1023 898 1174 949 poffint.
1234 897 1352 935 Goth.
1375 873 1502 949 poffie.

107 986 110 989 Δ
234 959 436 1005 decerpere.
496 956 625 992 Guelf.
649 959 838 992 decernere
879 970 968 992 cum
995 957 1099 994 Voff.
1134 970 1166 990 ι.
1191 965 1228 999 3.
1363 957 1502 1005 pravis.

131 1016 278 1052 Turio.
309 1013 414 1049 Flor.
447 1014 581 1062 Camp.
611 1025 728 1061 prave
766 1023 855 1048 cum
887 1011 1006 1047 Goth.
1039 1012 1143 1047 Voss'.
1174 1023 1210 1048 2.
1251 1011 1364 1048 Colb.
1390 1011 1505 1059 (nou

145 1067 248 1109 Vall.
277 1081 322 1105 ut
354 1071 518 1112 Burm.)
551 1079 588 1104 et
617 1070 702 1105 edd.
739 1080 824 1105 ante
855 1068 946 1105 Ald.
1004 1070 1127 1104 Error
1157 1068 1208 1104 est
1240 1083 1259 1103 a
1280 1067 1505 1104 confusione

145 1127 364 1164 litterarum
398 1128 416 1161 1
449 1137 487 1162 et
515 1128 571 1167 E,
603 1125 729 1175 qualis
758 1125 879 1161 modo
912 1125 955 1160 in
978 1125 1085 1160 locre.
1147 1124 1275 1161 Guelf.
1297 1125 1436 1161 omiffo
1464 1133 1507 1160 uc

146 1188 261 1229 (cum
282 1183 385 1219 Vols.
415 1183 478 1230 1.)
510 1182 572 1218 dat
606 1186 771 1232 quamvis
791 1185 863 1231 Pro
884 1181 1027 1217 nostro.
1086 1181 1207 1217 Multi
1231 1182 1357 1217 excufi
1379 1195 1506 1230 quam-

146 1243 202 1276 vis
231 1253 304 1288 pro
332 1249 383 1276 ut.
604 1240 765 1284 judiciis.
811 1237 916 1273 Flor.
946 1241 991 1282 (a
1022 1251 1080 1286 pr.
1110 1240 1190 1283 m.)
1223 1239 1332 1273 Rufe.
1359 1239 1508 1284 judicis,

147 1295 274 1332 Guelf.
297 1296 446 1331 omittit
469 1309 558 1331 eum
578 1296 683 1333 Vols.
707 1305 744 1339 3.
966 1305 1101 1330 tamen.
1161 1295 1225 1330 Sic
1246 1294 1377 1331 Turio.
1400 1294 1507 1330 Flor.

131 1353 279 1401 ‘Camp.
313 1365 400 1388 cum
435 1353 553 1388 Goth.
589 1352 695 1389 Voff.
718 1362 756 1389 2.
785 1350 887 1392 Vall.
907 1351 1007 1388 Alm.
1040 1363 1077 1386 et
1099 1351 1183 1388 edd.
1204 1361 1290 1386 ante
1307 1351 1402 1387 Bad.
1428 1364 1508 1386 acc.

145 1408 254 1444 Bafil.
317 1408 477 1456 Reliqui
501 1409 712 1450 omittunt,
739 1421 910 1457 quorum
938 1408 989 1444 est
1010 1409 1139 1444 Guelf.
1315 1408 1414 1443 credi
1430 1406 1507 1456 see.

132 1464 250 1500 'Flon
282 1467 331 1510 (a
362 1465 430 1500 sec.
467 1467 548 1508 m.)
579 1479 606 1500 c.
637 1462 707 1513 effe
730 1465 764 1514 s.
797 1477 887 1500 cum
915 1465 1014 1504 Jens.
1046 1468 1151 1510 (err.
1181 1465 1321 1508 Gesn.)
1359 1475 1396 1500 et
1418 1457 1506 1500 edd.

146 1531 232 1557 ante
253 1521 346 1557 Bad.
406 1521 480 1556 Sed
500 1520 626 1556 Guelf.
657 1519 728 1570 eſj'e
743 1521 777 1570 s

134 1591 136 1593 ’
235 1587 300 1621 73.
333 1578 440 1612 multi
461 1576 651 1626 scripsere.
712 1579 844 1614 Turic.
877 1579 1002 1614 multis
1022 1577 1205 1628 scribere,
1239 1592 1259 1612 a
1289 1578 1357 1613 sec.
1385 1590 1437 1613 m.
1468 1578 1507 1612 in

116 1636 120 1640 '
145 1634 269 1669 multis
283 1632 454 1682 scribere.
691 1635 802 1682 longe
833 1636 934 1671 duos.
997 1637 1060 1671 Sic
1083 1637 1217 1670 Turio.
1240 1634 1346 1670 Flor.
1375 1633 1505 1670 Guelf.

135 1688 280 1740 Camp.
302 1690 425 1726 Goth.
448 1692 547 1729 Jens.
569 1692 670 1736 (tac.
693 1691 832 1741 Gefn.)
862 1706 949 1727 cum
973 1692 1058 1726 edd.
1082 1702 1166 1727 ante
1190 1690 1340 1739 Gryph.
1400 1689 1507 1725 Reli-

149 1747 219 1796 qui
241 1747 276 1783 cl.
299 1747 325 1783 l.
516 1761 658 1798 parem.
718 1749 850 1784 Turic.
868 1748 973 1785 Flor.
997 1751 1014 1794 (
1026 1748 1092 1784 hic
1114 1762 1133 1783 a
1155 1762 1214 1798 pr.
1231 1747 1304 1794 m.)
1332 1749 1506 1797 priorem.

149 1871 199 1908 est
226 1872 326 1907 ratio
357 1873 526 1908 addendi
550 1872 628 1909 hoc
648 1873 693 1908 de
716 1874 795 1909 ani-

146 1941 214 1964 mo
243 1928 290 1963 ad
318 1929 604 1977 indulgentiam
635 1943 795 1979 compo-

147 1986 216 2020 fito
236 2011 247 2025 ,
299 1985 371 2033 qui
402 1985 503 2021 bona
536 1987 721 2034 quaedam
752 1987 796 2021 iu

147 2040 254 2076 hisce
288 2042 540 2090 scriptoribus
580 2044 623 2078 fit
658 2043 795 2079 inven-

148 2095 290 2132 turus?
324 2098 403 2143 Qui
433 2097 613 2146 indulget
633 2100 794 2139 vitiofis,

147 2152 180 2188 is
202 2153 285 2187 sane
308 2153 431 2188 multa
447 2155 592 2201 poterit
606 2156 794 2203 probare3

147 2208 210 2243 sed
239 2209 453 2243 verendum
485 2210 580 2251 erit,
611 2223 659 2245 ne
685 2210 797 2258 plura

137 2277 264 2312 quam
297 2277 394 2313 opus
427 2266 481 2300 fit.
541 2267 603 2301 An
634 2267 796 2315 accipie-

147 2333 235 2355 mus
280 2323 426 2356 veniam
454 2320 709 2369 legendorum
744 2333 797 2358 ta-

147 2375 247 2411 lium
289 2390 308 2411 a
348 2388 594 2426 praeceptore
637 2379 798 2414 discenti

137 2432 391 2469 eoncess‘am‘?
411 2435 463 2469 At
485 2434 560 2469 hoc
573 2434 685 2483 plane
699 2436 796 2482 jeju·

136 2501 264 2530 ·11um;
295 2502 421 2538 neque
451 2491 554 2525 enim
577 2491 664 2539 plus
685 2492 795 2527 inve·

147 2545 230 2581 niet
262 2545 358 2582 boni
393 2547 462 2594 qui
491 2546 647 2582 volente
674 2548 796 2596 magi-

147 2601 224 2648 stro
248 2602 372 2650 leget,
403 2616 517 2651 quam
541 2604 610 2651 qui
628 2604 795 2640 nolente.

135 2654 284 2706 ²Longe
307 2660 432 2707 aptius
455 2670 557 2701 erat,
588 2662 614 2694 [ι
636 2675 713 2695 cum
736 2662 797 2696 de-

149 2713 244 2750 lectu
263 2714 429 2757 dixiffen
450 2715 514 2753 vel
524 2730 602 2752 cum
613 2719 796 2759 cautione,

853 1873 918 1909 vel
958 1883 1002 1908 ut
1031 1876 1065 1921 ς.
1106 1872 1197 1909 116.
1245 1886 1323 1908 cum
1348 1873 1507 1918 judicio.

853 1933 914 1966 An
944 1931 1045 1966 forte
1068 1930 1144 1965 hoc
1166 1930 1302 1968 inerit,
1346 1931 1372 1963 sl
1392 1941 1507 1977 repo-

853 1988 972 2023 sueris
997 2001 1076 2021 cum
1093 1986 1342 2022 verecundia?
1373 1984 1508 2027 [Mihi

855 2055 983 2079 tamen
1008 2042 1189 2078 satisfacit
1210 2041 1368 2076 Gesneri
1390 2041 1509 2076 ratio.

853 2101 956 2135 Nam
996 2100 1111 2134 venia
1145 2098 1280 2146 ntique
1310 2108 1349 2133 et
1377 2095 1508 2132 indul-

855 2156 983 2203 gentia
1020 2167 1116 2203 opus
1137 2153 1212 2196 est,
1243 2155 1268 2189 si
1298 2154 1385 2201 quis
1407 2163 1507 2189 eete-

855 2224 920 2246 ros
945 2211 1131 2251 comicos,
1158 2223 1178 2243 a
1198 2210 1415 2246 Menandro
1438 2209 1507 2245 ob-

855 2267 1042 2307 scuratos,
1082 2266 1210 2314 legere
1243 2267 1418 2302 animum
1446 2266 1507 2301 in-

857 2322 982 2359 ducat.
1055 2323 1135 2370 Qui
1174 2323 1299 2371 igitur
1337 2337 1358 2358 a
1394 2321 1507 2358 vitiis

855 2377 1020 2415 illorum
1058 2392 1139 2415 non
1172 2379 1424 2420 absterretur,
1474 2378 1508 2414 is

854 2434 1041 2475 inveniet,
1061 2448 1156 2483 quae
1171 2449 1376 2484 excerpere
1391 2434 1507 2471 etiam

854 2491 976 2529 volet.
1007 2492 1235 2535 BUTTM.]

912 2581 1115 2625 Philemon.
1157 2582 1203 2617 cf.
1227 2591 1266 2626 5,
1289 2592 1327 2626 7,
1353 2587 1417 2627 ¹8·

915 2663 1056 2696 meruit.
1118 2660 1345 2709 impetravit
1355 2686 1366 2700 ‚

856 2717 991 2766 dignus
1012 2716 1120 2766 fuit.-
1154 2717 1202 2755 cf.
1231 2729 1267 2766 9,
1290 2727 1327 2759 2,
1352 2722 1418 2766 98.

1424 2673 1505 2698 non
