1696 3016
365 160 530 246 1‘NsT.
577 198 856 246 ORATOR.
894 195 1016 244 ΠΒ.
1060 198 1132 255 X,
1180 210 1223 242 1.
1272 192 1278 196 ·

1405 209 1466 253 31

117 320 556 384 ῃίῑιιιέοτεῐοτεῐιι
575 327 820 378 futurum
843 328 1041 393 optime
1053 326 1301 378 Socratici
1322 343 1472 393 prae-

117 418 314 475 parant.
412 406 515 456 Sed
570 406 655 455 his
708 420 926 470 quoque
977 404 1346 455 adhibendum
1393 403 1467 452 est

116 482 285 535 limile
319 484 612 547 judicium,
650 492 711 531 ut
739 483 895 552 etiam
929 499 1053 531 cum
1082 483 1140 530 in
1165 482 1324 530 rebus
1351 498 1470 531 ver·

117 560 295 610 femur
329 561 548 618 iisdem,
596 577 708 609 non
743 571 918 607 tamen
953 559 1175 608 eandem
1212 556 1309 607 effe
1344 576 1470 608 con-

118 638 380 688 ditionem
423 637 644 686 sciamus
699 637 879 686 litium
928 654 984 685 ac
1029 636 1470 702 disputationum,

117 713 227 765 fori
266 727 317 764 et
349 715 628 772 auditorii,
679 724 1079 780 praeceptorum
1115 725 1168 762 et
1203 714 1467 780 periculo·-

118 809 258 846 rum.
337 792 512 842 Credo
546 801 816 841 exacturos
851 792 1164 858 plerosque,
1205 809 1329 840 cum
1358 800 1470 855 tan-

118 879 238 918 tum
269 866 365 917 effe
399 869 642 917 utilitatis
675 870 733 916 in
768 869 996 933 legendo
1026 869 1357 931 judicemus,
1399 863 1472 916 'ut

117 945 178 994 id
206 962 423 1010 quoque
459 945 808 1008 adjungamus
831 948 1011 1010 operi,
1051 946 1146 1010 qui
1170 945 1293 1003 fint‚
1335 961 1472 1010 quae

116 1023 178 1071 in
229 1038 447 1087 quoque
489 1030 704 1070 auctore
743 1023 1029 1090 praecipua
1080 1024 1272 1071 virtus.
1368 1021 1473 1071 Sed

205 1156 271 1201 56.
305 1155 611 1204 disputationum.
643 1154 741 1192 Jens.
765 1156 852 1197 (tac.
867 1155 1001 1199 Gesn.)
1034 1155 1151 1191 Tarv.
1173 1153 1470 1205 dispositionum.

201 1213 289 1249 Post
321 1213 419 1248 hanc
449 1215 481 1259 ᾖ.
512 1212 555 1246 in
578 1209 706 1246 Guelf.
741 1211 835 1247 haec
857 1211 954 1246 novi
976 1211 1112 1259 capitis
1134 1211 1360 1260 inscriptio:
1397 1212 1474 1263 Qui

118 1278 287 1309 auctores
312 1269 461 1317 legendi
479 1266 569 1318 sint.
629 1266 703 1302 Sed
733 1267 775 1302 in
808 1268 926 1303 Goth.
960 1266 1059 1316 (tac.
1083 1268 1234 1315 Gesn.)
1264 1269 1338 1321 Qui
1362 1282 1473 1317 prae-

119 1329 224 1376 cipue
246 1334 410 1362 auctores
422 1323 501 1375 fine
520 1325 668 1372 legendi
690 1337 778 1359 cum
801 1324 906 1362 Voff.
922 1335 958 1360 2.
993 1325 1062 1359 nifi
1086 1324 1194 1372 quod
1213 1337 1261 1359 ex
1280 1325 1357 1360 hoc
1368 1323 1471 1373 sunt.

206 1393 272 1427 57·
306 1382 423 1419 Credo
448 1388 563 1416 exact.
623 1381 751 1416 Guelf.
773 1381 906 1417 inserit
925 1390 970 1416 ec.
1002 1380 1114 1416 male.
1243 1380 1334 1432 fint,
1366 1395 1473 1430 quae.

120 1441 182 1477 Sic
202 1439 335 1475 Turio.
356 1437 458 1473 Flor.
485 1436 612 1473 Guelf.
628 1438 760 1487 Camp.
783 1450 870 1473 cum
890 1438 1007 1474 Goth.
1022 1437 1124 1474 Voff.
1139 1446 1174 1472 2.
1199 1437 1302 1473 Aim.
1326 1434 1362 1474 et
1383 1437 1473 1477 edd.

118 1507 204 1532 ante
233 1494 342 1538 Baffl.
375 1493 536 1542 Reliqui
563 1493 734 1529 inserunt
754 1493 924 1543 legendi,
958 1493 1190 1534 Philandro,
1221 1505 1265 1536 ut
1288 1494 1472 1542 suspicor,

119 1564 298 1593 auctore;
327 1563 573 1599 nequaquam
602 1550 820 1587 neceffario.
881 1553 965 1589 Nifi
995 1551 1095 1586 forte
1130 1551 1255 1591 dieas,
1288 1564 1376 1586 cum
1411 1550 1472 1585 in·

117 1609 240 1646 ferior
269 1609 399 1645 versus
420 1607 463 1643 in
482 1607 589 1642 idem
612 1608 718 1655 quod
739 1608 859 1645 modo
883 1619 984 1650 erat,
1012 1607 1192 1655 legendo,
1226 1607 1394 1643 verbum
1414 1607 1475 1642 in-

117 1665 280 1706 ciderit,
319 1664 493 1700 omiss'am
525 1663 570 1699 ab
603 1665 802 1700 aberrante
831 1665 994 1701 librario
1029 1663 1150 1704 hanc,
1193 1677 1309 1712 quam
1341 1677 1474 1699 recen·

121 1722 240 1759 tiores
264 1722 422 1763 addunt,
441 1733 604 1761 vocem;
630 1721 811 1769 equidem
833 1721 908 1757 tale
929 1721 1025 1769 quid
1045 1720 1221 1756 aecidiffe
1243 1733 1323 1756 non
1343 1719 1475 1755 credo.

201 1792 346 1830 quoque
377 1786 538 1814 auctore.
599 1778 732 1813 Turio.
764 1777 868 1815 Flor.
900 1777 1031 1816 Guelf.
1064 1778 1196 1825 Camp.
1229 1777 1348 1813 Goth.
1374 1776 1475 1815 Jens.

880 1898 1162 1941 praeceptorum
1209 1900 1246 1926 et
1290 1891 1475 1939 periculo-

824 1963 917 1984 rum.
978 1950 1067 1983 Hoc
1086 1947 1277 1996 posterius
1301 1947 1379 1983 dici
1402 1959 1475 1995 pro

824 2005 986 2052 judiciis
1025 2017 1106 2040 non
1151 2004 1246 2040 adeo
1292 2002 1475 2039 insolens.

826 2062 874 2097 ef.
902 2073 964 2103 12,
985 2072 1020 2104 7,
1050 2075 1114 2095 ιι.
1149 2068 1185 2104 4,
1208 2071 1243 2099 2,
1272 2069 1363 2095 122.
1395 2059 1478 2095 Cic.

175 1891 367 1929 Socratici.
382 1888 390 1902 “
426 1889 619 1939 Dialogos
639 1890 765 1927 Plato-

117 1949 202 1990 nis,
233 1947 510 1997 Xenophontis
525 1974 535 1988 ‚
565 1948 766 1983 Aeschinis

117 2005 288 2041 maxime
331 2004 532 2053 defignaffe
571 2004 766 2053 putandus

121 2061 172 2097 est
211 2061 358 2101 nostem
413 2073 493 2095 non
525 2074 662 2096 eorum
698 2061 768 2109 qui

122 2118 240 2153 sectas
255 2129 376 2152 novas
389 2116 661 2158 condiderunt,
688 2129 767 2165 quo

114 2173 282 2218 ¹nomine
311 2172 502 2208 Gesnerus
532 2173 646 2221 ponit
674 2174 768 2207 Aca·

122 2229 308 2268 demicos‚
335 2241 503 2276 quorum
526 2229 767 2264 mentionem

120 2285 236 2321 etiam
257 2285 395 2321 Cicero
426 2283 564 2320 habeat
585 2284 626 2319 in
648 2284 766 2333 praef.

118 2341 360 2377 Paradoxon.
394 2341 440 2376 cf.
463 2348 510 2385 5,
534 2352 578 2385 7,
601 2347 665 2385 28.
703 2353 766 2382 ιι,

120 2407 187 2440 27.
223 2407 293 2438 ια,
325 2413 359 2438 ι,
388 2410 450 2433 ιο.
512 2397 705 2433 Ahnelov.
731 2407 768 2432 et

119 2453 322 2491 Ciceronis
344 2455 526 2489 admonet
547 2454 592 2489 de
616 2454 699 2489 Fin.
730 2465 766 2493 2,

50 2542 57 2546 .
123 2523 159 2545 ι.
191 2511 260 2559 qui
290 2522 419 2547 tamen
451 2521 490 2546 et
515 2510 593 2559 ipse
620 2511 766 2546 Arcesi·

93 2574 98 2576 ’
117 2566 198 2602 lam
223 2567 403 2617 appellat.

179 2679 244 2724 56.
274 2679 396 2714 litium
408 2694 450 2715 ac
462 2677 764 2729 disputationum.

122 2733 169 2771 cf.
195 2745 233 2780 7,
257 2744 294 2780 3,
322 2746 385 2772 12.
424 2750 491 2778 11,
517 2750 552 2775 ι,
575 2743 641 2781 55.
670 2745 735 2781 7ο.

826 2131 899 2167 pro
929 2119 1023 2164 Leg.
1058 2118 1164 2152 Nlan.
1192 2130 1224 2149 ι.
1257 2118 1333 2151 Pro
1358 2114 1479 2152 Ar'ch.

827 2185 863 2209 2.
890 2175 927 2210 6.
967 2175 1102 2221 Nepos
1125 2174 1166 2208 in
1187 2172 1307 2208 Phoc.
1332 2181 1368 2206 2.
1400 2171 1479 2207 Ad-

826 2229 920 2266 ditis
981 2229 1214 2277 quibusdam
1270 2227 1482 2264 vocabulis.

825 2286 949 2333 magis
968 2298 1049 2321 rem
1070 2284 1344 2320 definientibus
1358 2284 1476 2320 etiam

825 2341 1081 2390 frequentius.
1112 2340 1308 2377 Almetov.
1325 2351 1475 2381 monet,

1491 414 1543 459 56

1493 809 1546 845 57

826 2398 902 2433 hoc
925 2397 1044 2433 modo
1059 2400 1112 2443 (§.
1132 2397 1211 2440 16.)
1234 2395 1476 2444 dictumfor-
1496 2412 1500 2413 ⁷
1522 2410 1526 2413 ⁴

827 2463 952 2490 tunam
977 2454 1122 2498 judicii.
1181 2456 1228 2489 In
1249 2466 1348 2489 voce
1369 2467 1477 2501 prae-

825 2520 1011 2559 ceptorum
1026 2522 1209 2547 neutrum
1223 2523 1346 2559 genus
1358 2522 1476 2546 nemo

822 2580 903 2603 non
925 2567 1112 2615 agnoscet.
1155 2581 1166 2603 x.

883 2634 948 2668 57.
979 2623 1145 2674 quifint.
1177 2625 1204 2660 i.
1224 2637 1257 2660 e.
1286 2622 1341 2663 ii,
1375 2634 1476 2670 quos

821 2682 992 2716 maxime
1050 2680 1237 2731 legendos
1304 2678 1475 2714 censeam
1487 2719 1490 2723 Δ

821 2748 1012 2774 auctores·
1050 2749 1056 2757 ¹
1226 2779 1233 2798 Ὶ
