1676 3028
213 256 308 303 390
460 247 463 256 ’
526 245 600 292 Μ.
633 247 764 291 FAB.
806 245 1242 306 QUmeANt

212 381 438 432 quoque·
466 379 516 416 et
555 369 812 416 hilaritate
849 366 1148 427 enitescant,
1205 378 1255 417 et
1285 368 1541 419 tristitiae*

211 443 479 507 quoddam
505 444 752 491 nubilum
771 442 973 492 ducant.
1003 435 1006 437 ’
1033 445 1175 511 Quin
1195 445 1350 493 etiam
1366 446 1517 493 lacri-

214 535 322 568 mas
341 519 423 567 his
442 528 624 566 natura
642 520 830 567 mentis
851 518 1047 566 indices
1071 517 1215 566 dedit
1230 534 1265 566 ε.
1284 533 1414 581 quae
1433 530 1522 569 aut

214 603 501 656 erumpunt
524 592 723 650 dolore,
761 604 848 642 aut
866 594 1057 641 laetitia
1081 602 1332 664 mananu⁴
1363 595 1522 643 Motu

214 683 343 715 vero
382 669 597 725 intenti,
638 667 844 726 remiffi,
883 667 1118 733 superbi,
1156 668 1324 726 torvi,
1357 669 1524 726 mites,

215 740 378 806 asperi
399 742 565 791 fiunt:
607 760 762 807 quae,
800 753 862 792 ut
898 754 1039 791 actus
1073 742 1386 808 poposcerit,
1423 741 1527 790 fm-

144 825 195 870 76
216 828 416 882 gentur.
455 819 637 882 Rigidi
652 836 779 868 vero
804 830 854 867 et
877 819 1086 875 extenti,
1112 829 1201 866 aut
1219 817 1455 882 languidi
1479 826 1531 864 et

215 903 495 958 torpentes,
533 905 622 942 aut
645 894 924 960 stupentes,
964 905 1050 943 aut
1075 892 1253 942 lascivi
1281 903 1333 942 et
1361 886 1532 942 mobi-

216 1033 317 1081 apud
339 1032 437 1070 Gell.
465 1047 527 1076 ιο,
552 1043 588 1078 3.
619 1036 660 1071 in
681 1036 761 1071 Cic.
783 1035 871 1073 loco
890 1038 998 1074 Verr.
1024 1043 1059 1078 5.
1084 1035 1147 1070 62.
1180 1045 1217 1070 et
1241 1032 1406 1070 vicissim
1429 1031 1531 1080 apud

216 1089 307 1124 Liv.
324 1098 360 1132 5,
385 1095 447 1135 24,
470 1099 505 1132 4.
536 1099 575 1125 ut
593 1100 708 1125 cetera
727 1092 858 1126 Tui-ic.
884 1100 918 1126 et
940 1102 1055 1126 cetera
1075 1089 1175 1126 Flor.
1220 1089 1378 1125 Omittit
1400 1096 1435 1123 et
1447 1098 1531 1123 ante

216 1144 322 1179 hilar.
351 1145 479 1180 Turio.
507 1146 570 1180 sed
587 1145 722 1182 Floril.
744 1148 843 1181 Sant.
869 1146 960 1182 haec
983 1146 1131 1182 omnia:
1162 1147 1250 1179 citra
1274 1158 1321 1178 m.
1341 1157 1373 1191 q.
1398 1151 1445 1178 et.

362 1196 540 1242 tristitiae.
583 1201 644 1236 Sic
673 1202 802 1237 Turio.
838 1201 940 1237 Flor.
967 1201 1099 1236 Ambr.
1126 1209 1160 1235 2.
1199 1198 1324 1234 Guelf.
1350 1197 1532 1246 Florileg.

218 1254 370 1290 Santen.
393 1256 521 1303 Camp.
544 1255 640 1293 Jens.
662 1260 748 1299 (tae.
771 1253 895 1302 Gesn.)
917 1269 1003 1291 cum
1024 1255 1127 1293 Vols.
1153 1265 1187 1290 2.
1210 1252 1347 1299 (Goth.
1370 1265 1449 1287 non
1468 1265 1537 1287 no-

217 1309 404 1356 tavimus)
433 1321 468 1344 et
501 1309 585 1346 edd.
614 1320 698 1346 ante
732 1311 819 1345 Ald.
863 1310 1019 1358 Reliqui
1042 1307 1188 1358 tristitia
1213 1309 1257 1344 de
1276 1307 1391 1355 Regii
1410 1307 1555 1353 conje»

217 1374 325 1399 ctura
338 1390 348 1404 ‚
381 1364 515 1400 inutili
543 1359 609 1399 ssla
622 1391 632 1406 ,
666 1379 753 1401 cum
775 1366 958 1413 quoddam
977 1365 1076 1400 illud
1097 1365 1178 1414 post
1198 1363 1415 1413 genitivum
1436 1373 1538 1397 com-

217 1419 436 1454 modissime
469 1420 702 1466 subjiciatur.
755 1421 848 1456 Obr.
887 1423 1078 1460 inducant,
1127 1419 1237 1455 male.
1281 1419 1413 1452 Turio.
1452 1418 1539 1464 quia

216 1483 340 1508 atrum
372 1477 488 1521 punit.
528 1474 630 1511 Flor.
652 1478 737 1523 quia
766 1485 805 1510 ut
830 1485 1010 1524 rumpunt.
1059 1476 1190 1522 Camp.
1223 1487 1295 1523 qua
1326 1474 1538 1518 irrumpunt·

219 1529 357 1563 omisso
395 1529 534 1564 dolore.
583 1531 689 1573 Jenf.
723 1531 836 1566 Tan-v.
870 1531 1023 1565 leticiae.
1082 1530 1212 1564 Turic.
1247 1527 1350 1562 I'lor.
1382 1535 1539 1560 manent.

219 1584 353 1631 Camp.
386 1592 522 1619 manat.
583 1585 628 1619 In
657 1583 726 1619 hac
753 1598 849 1620 voce
877 1585 942 1619 hic
965 1585 1100 1619 desinit
1118 1582 1300 1630 Florileg.
1343 1580 1464 1616 Modo
1485 1581 1539 1614 his

221 1638 368 1673 omittit
396 1637 498 1672 Flor.
534 1641 578 1673 iis
610 1640 699 1675 dant
727 1639 858 1676 Ambr.
876 1651 911 1676 2.
938 1641 1067 1687 Camp.
1103 1652 1190 1674 cum
1213 1637 1297 1674 edd.
1320 1647 1405 1672 ante
1426 1634 1538 1671 Bam.

213 1691 326 1743 super
346 1694 444 1728 ultor
460 1696 498 1728 vi
527 1693 628 1729 Flor.
646 1695 743 1730 mire
764 1695 980 1743 discerpens
1002 1705 1039 1730 et
1057 1693 1223 1730 turbans.

306 1769 370 1812 76.
411 1779 447 1804 et
481 1773 628 1806 extenti.
674 1771 806 1807 Ambr.
841 1781 876 1806 2.
913 1771 1037 1807 Guelf.
1064 1772 1252 1806 omittunt
1279 1768 1467 1816 copulam.
1504 1773 1542 1802 εἰ·

217 1826 370 1874 ,exerciti
388 1826 492 1862 Voff.
517 1838 550 1862 1.
572 1835 609 1868 5.
637 1825 698 1862 An
719 1827 795 1863 fuit
814 1829 954 1863 exerti?
972 1826 1038 1873 (cf.
1063 1829 1095 1874 §.
1111 1835 1173 1873 92.
1197 1826 1266 1860 ubi
1284 1824 1414 1860 Turio.
1437 1821 1541 1857 Flor.

221 1881 398 1916 exercitur
426 1893 514 1915 cum
540 1881 642 1916 Alm.
673 1883 716 1917 it.
739 1883 769 1925 ὦ.
793 1897 807 1917 ι
822 1878 902 1933 16.)
951 1883 1049 1918 Nam
1075 1882 1178 1929 quod
1201 1879 1415 1916 illustrandi
1439 1877 1543 1912 causa

221 1935 464 1972 Burmannus
495 1936 723 1972 demonstrat
754 1938 904 1973 Tiberii
934 1938 1118 1982 (Sueton.
1141 1937 1229 1972 Tib.
1257 1948 1288 1970 c.
1307 1935 1372 1978 7.)
1395 1932 1543 1974 „oculos

224 1999 444 2031 „contentos
466 2001 502 2026 et
523 1998 750 2032 tumentes‚“
771 1992 848 2027 huc
867 1993 986 2028 facere
1008 2004 1085 2027 non
1100 1991 1281 2027 arbitror.
1476 1994 1543 2022 aut

216 2042 416 2094 stupentes.
446 2047 551 2082 Haec
582 2048 767 2085 omittunt
785 2048 892 2087 dens.
924 2050 1037 2084 Tarv.
1065 2047 1163 2082 forte
1193 2046 1296 2081 haud
1325 2043 1454 2084 dubie,
1482 2041 1545 2077 sed

226 2164 395 2206 „foram
414 2167 502 2203 Liv.
516 2177 552 2208 2,
567 2175 602 2210 5.
618 2175 654 2213 8.
676 2170 858 2209 „eminen-

226 2230 293 2261 „te
315 2222 444 2257 auimo
463 2224 615 2271 patrio“
644 2238 859 2272 quanquam

227 2277 478 2312 noviffimum
506 2278 635 2314 locum
659 2279 770 2327 possis
793 2278 859 2314 ali-

228 2339 288 2365 ter
322 2332 575 2380 interpretari.
611 2334 710 2370 Plin.
739 2335 859 2382 epistt.

230 2393 269 2428 5,
296 2397 358 2429 17.
391 2394 426 2430 5.
457 2389 862 2437 „notabiliter—pri·

230 2453 367 2485 „mum
388 2454 512 2479 metus
540 2445 634 2490 ejus,
661 2458 754 2480 mox
773 2458 862 2492 gau-

231 2495 371 2535 „dium
402 2500 563 2534 eminuit.
576 2506 602 2520 ‘⁸
645 2500 760 2536 Ovid.
786 2501 863 2534 He-

232 2551 334 2586 roid.
373 2562 435 2592 12,
466 2560 530 2598 38.
569 2555 743 2596 „Eminet
761 2555 864 2590 indi-

231 2605 321 2644 „cio
362 2609 515 2654 prodita
553 2610 702 2645 flamma
737 2612 864 2651 suO,“

232 2659 423 2697 indicante
462 2663 639 2702 Oudend.
680 2667 725 2701 ad
759 2668 862 2702 Suet.

232 2714 354 2764 Calig.
390 2724 451 2760 ¹5·
499 2721 560 2757 De
592 2721 795 2759 oculorum
820 2721 863 2757 in

917 2177 1066 2204 oratore
1086 2167 1130 2203 vi
1150 2167 1329 2207 eximius,
1351 2176 1463 2212 quem
1478 2162 1545 2197 hie

917 2223 1072 2271 quidem
1090 2222 1272 2270 spectavit
1290 2221 1424 2260 noster,
1438 2219 1545 2254 locus

918 2278 1185 2314 est'Ciceronis
1209 2277 1254 2312 de
1275 2277 1343 2312 Or.
1366 2284 1403 2318 5,
1427 2283 1492 2320 59.

974 2346 1064 2382 quae
1092 2352 1146 2360 —
1168 2332 1372 2380 fingentur,
1417 2331 1546 2364 *Recte

918 2401 1054 2425 neutro
1077 2401 1212 2436 genere
1239 2388 1325 2422 usus
1355 2383 1462 2420 estin
1487 2394 1545 2422 eo,

921 2444 1048 2492 quales
1073 2445 1210 2478 fierent
1229 2441 1356 2486 oculi;
1396 2437 1546 2473 habitus

921 2500 1022 2535 enim
1058 2498 1259 2534 oculorum
1291 2493 1546 2529 demonstran·

921 2565 994 2595 tur,
1023 2567 1102 2589 non
1121 2550 1226 2589 oculi
1245 2550 1329 2598 ipsi.

975 2663 1039 2708 76.
1069 2662 1214 2696 extenti.
1235 2660 1282 2696 cf.
1303 2670 1384 2695 not.
1406 2659 1493 2694 crit.

972 2728 1036 2755 aut
1046 2715 1244 2766 stupentes.
1272 2716 1319 2752 cf.
1341 2725 1422 2752 not.
1443 2713 1528 2754 crit.
