1676 3028
337 192 524 247 χιΝεΤ.
562 199 842 246 ORATOR.
876 183 997 245 mii.
1036 199 1132 256 xi,
1178 213 1222 246 1.
1359 212 1457 262 259

0 386 1 390 Ἰ
108 329 320 379 tionum
354 328 578 394 captabit
616 327 876 392 leporem,
923 336 998 384 et,
1047 336 1109 376 ut
1137 327 1458 392 plerumque

21 406 171 461 975in
206 405 310 454 hoc
347 421 538 471 genere
579 404 742 452 moris
785 402 881 462 est,
958 404 1255 453 intentione
1307 406 1459 454 omni

107 479 311 532 remiffa
337 482 622 546 loquetur?
657 484 777 549 Quo
812 479 1011 546 fugerit
1041 481 1258 530 interim
1289 481 1450 530 dolor
1475 491 1529 532 54

107 559 236 608 ille?
297 560 395 608 ubi
429 559 669 606 lacrimae
703 555 1062 606 substiterint?
1128 559 1275 607 unde
1307 555 1454 607 se‘in

107 635 351 686 medium
431 645 538 685 tam
616 633 793 685 secura
880 633 1173 685 observatio
1261 638 1454 684 artium

107 710 342 761 miserit?
395 713 526 762 Non
557 712 619 760 ab
649 710 868 761 exordio
909 728 1079 776 usque
1110 711 1177 761 ad.
1210 714 1455 762 ultimam

107 805 298 839 vocem
329 790 618 839 continuus
651 788 871 853 quidam
914 790 1167 855 gemitus,
1230 801 1280 838 et
1309 789 1456 839 idem

107 863 341 915 tristitiae
371 866 554 915 vultus
591 863 911 924 servabitur,
971 864 1014 913 fi
1049 866 1268 931 quidem
1309 867 1458 916 volet

109 941 349 991 dolorem
376 939 532 989 suum
571 942 727 989 etiam
761 943 821 989 in
863 941 1139 992 audientes
1184 942 1456 992 transfun-

107 1017 267 1067 dere?
306 1033 464 1082 quem
485 1016 528 1065 fi
558 1034 784 1081 usquam
819 1017 1092 1076 remiserit,
1130 1020 1188 1067 in
1213 1022 1455 1068 animum

102 1088 457 1156 judicantium
489 1112 602 1144 non
641 1093 872 1143 reducet.
967 1095 1128 1164 Quod.
1166 1098 1454 1163 praecipue
1479 1113 1529 1152 55

102 1170 518 1220 declamantibus
562 1172 757 1236 (neque
801 1173 945 1220 enim
983 1189 1070 1221 me
1112 1175 1353 1239 poenitet
1389 1173 1458 1223 ad

96 1247 207 1297 *hoc
232 1264 450 1312 quoque
480 1266 617 1314 opus
659 1265 858 1306 meum,
899 1259 950 1296 et
982 1265 1160 1298 curam
1194 1248 1457 1317 [uscepto-

103 1341 224 1373 rum
251 1322 412 1372 semel
432 1322 843 1374 adolescentium
862 1324 1141 1391 respicere)
1155 1325 1456 1376 custodien-

104 1399 238 1450 dum
290 1399 390 1459 est,
467 1417 578 1466 quo
622 1402 802 1469 plures
852 1403 913 1451 in
956 1400 1133 1453 schola
1165 1401 1456 1469 finguntur

187 1597 252 1636 54·
284 1592 366 1644 Quo
382 1591 542 1643 fugerit.
574 1591 705 1629 Turio.
737 1591 841 1629 Flor.
875 1593 1010 1643 Camp.
1043 1595 1142 1644 quod
1151 1593 1188 1643 f

184 1661 345 1700 usqaam.
377 1650 510 1685 Turio.
543 1664 616 1703 um.
649 1649 768 1686 Goth.
799 1652 888 1698 (tac.
914 1651 1045 1696 Gesn.)
1083 1653 1214 1701 Camp.
1248 1665 1424 1701 unquam.

104 1755 114 1764 ”
184 1758 247 1796 55.
298 1753 408 1804 Quod
442 1755 648 1801 praecipue.
684 1752 808 1788 Prius.
834 1753 1023 1789 omittunt
1061 1755 1192 1790 Turic.
1223 1754 1328 1792 Flor.
1363 1767 1453 1791 cum

98 1807 200 1844 Alm.
483 1807 610 1859 semel.
645 1809 776 1844 Turio.
801 1808 948 1857 semper
975 1823 1064 1845 cum
1095 1810 1199 1846 Alm.
1233 1824 1313 1847 non
1345 1811 1452 1848 Flor.

98 1864 165 1910 (cf.
191 1866 276 1910 45.)
539 1879 610 1916 quo
629 1866 751 1914 plures
774 1868 823 1902 in.
855 1867 985 1902 Turic.
1018 1866 1124 1903 Flor.
1154 1866 1240 1912 (hie
1262 1881 1282 1901 a
1297 1881 1357 1916 pr.
1378 1863 1452 1920 m.)

97 1921 196 1970 quod
213 1934 251 1969 p.
273 1917 322 1969 est
343 1922 395 1958 in.

97 2089 266 2140 suspicor
295 2091 346 2128 ob
375 2092 418 2127 id
447 2092 554 2140 quod
574 2092 746 2140 sequitur
803 2106 823 2127 a
861 2093 1007 2128 summa
1046 2093 1126 2128 irae
1165 2093 1450 2136 concitatione;

97 2148 155 2187 in,
205 2160 301 2184 mox
325 2161 344 2182 a
374 2147 541 2184 librario
569 2148 746 2183 additum
804 2159 841 2183 et
864 2149 1048 2190 debebat,
1083 2151 1152 2198 qui
1181 2151 1366 2195 injuriam
1392 2164 1452 2186 ac-

96 2214 172 2239 aut.
205 2203 253 2239 cf.
278 2212 335 2248 5,v
360 2213 404 2247 q,
433 2213 469 2240 2.
517 2205 745 2251 Argumenta
803 2215 951 2252 ceptam
970 2219 1062 2241 vere
1081 2206 1244 2246 doleret,
1262 2207 1339 2242 hoc
1360 2219 1453 2242 con-

96 2259 249 2296 diducta
271 2262 309 2296 in
330 2261 470 2307 digitos
496 2260 612 2296 habes
636 2260 682 2294 ad
707 2267 743 2304 4,

97 2322 146 2361 5,
180 2323 244 2360 25.
290 2316 361 2352 ubi
387 2316 486 2352 male
521 2325 542 2360 5
575 2329 646 2364 pro
680 2325 743 2360 55,

89 2382 153 2417 ’14
192 2385 265 2420 pro
303 2379 390 2416 114.
456 2373 576 2410 Valde
618 2383 744 2407 autem

95 2428 263 2478 suspicor
304 2429 542 2466 intercidill'e
572 2429 638 2464 hic
670 2443 744 2464 non

86 2484 199 2535 qimmet
230 2483 424 2534 protuliffe
467 2498 504 2521 et
541 2495 742 2527 contentus,

97 2541 204 2591 quod
248 2541 360 2577 facile
407 2541 527 2578 fiebat
564 2543 742 2590 sequente

42 2590 69 2610 ’Χ
95 2595 237 2642 syllaba
283 2611 361 2633 con.
445 2599 584 2646 Neque
636 2599 740 2632 euim

73 2649 252 2694 ⁴Dreviter
282 2665 319 2690 et
340 2652 602 2702 significanter
634 2655 738 2689 ordi-

98 2717 188 2745 nem
214 2709 274 2746 rei
297 2711 471 2760 proferre
494 2711 664 2748 ahenum
689 2711 738 2746 est

804 2270 931 2296 tentus
956 2263 1050 2303 ess‘c,
1082 2275 1162 2298 non
1182 2263 1346 2310 gratiam
1365 2276 1451 2298 nar·

801 2316 962 2353 rationis
994 2331 1188 2366 quaerere.

860 2435 924 2476 54.
955 2428 1161 2478 observatio
1183 2434 1326 2469 artium.
1357 2432 1448 2469 Plu-

801 2485 918 2520 salem
943 2486 989 2522 cf.
1011 2487 1058 2521 ad
1084 2500 1145 2528 10,
1173 2502 1208 2529 ι,
1229 2494 1297 2535 47.
1329 2488 1449 2538 objer-

799 2544 988 2577 vationem
1012 2543 1059 2578 ad
1081 2555 1117 2591 9,
1131 2550 1167 2588 4,
1181 2552 1247 2592 95.
1277 2552 1314 2590 8,
1327 2555 1364 2587 2,
1379 2556 1445 2582 22.

858 2662 921 2699 55.
954 2670 1069 2705 neque
1087 2656 1444 2708 enim—respicere„

798 2713 845 2748 cf.
878 2721 914 2757 7,
947 2722 985 2757 5,
1017 2722 1084 2757 50.

894 2793 930 2827 R
963 2802 986 2829 2
