1676 3028
319 220 482 270 1NsT.
520 218 799 268 ORATOR.
819 219 941 293 ΠΒ.
963 219 1077 277 ΧΠ,
1115 231 1160 276 7.
1330 218 1427 274 565

91 345 194 399 nisi
220 363 283 396 ex
311 345 515 397 fiducia
545 347 714 397 bonae
741 346 931 396 mentis
962 342 1296 395 videbahtur.
1345 344 1430 394 Id·
1459 354 1485 397 4

89 441 198 490 que
242 441 366 474 cum
402 425 465 474 ab
503 423 810 482 Hortensio,
852 423 1118 481 Lucullisg
1165 421 1431 488 Sulpicio,

11 539 15 542 «
87 501 364 560 Cicerone,
390 499 618 561 Caesare,
638 502 887 568 plurimis
911 501 1176 558 aliis‚tum
1201 497 1264 549 ab
1285 508 1433 548 utro-

86 594 195 643 que
224 578 426 629 Catone
454 577 654 628 factum
681 577 780 627 est:
823 594 1058 644 quorum
1094 577 1225 624 alter
1254 575 1433 642 appel-

85 654 223 709 latus
242 650 489 726 sapiens,
539 657 670 706 alter
699 654 802 705 nisi
841 653 1075 704 creditur
1111 650 1292 711 fuisse,
1340 653 1433 702 vix

83 729 210 791 scio,
237 734 326 781 cui
351 734 628 799 reliquerit
646 733 808 795 hujus
827 733 1064 782 nominis
1091 732 1287 781 locum.
1320 729 1434 802 Ne-

86 823 194 872 que
233 807 483 859 defendet
520 828 703 861 omnes
746 820 949 868 orator,
1014 808 1267 874 idemque
1308 823 1434 872 por-

34 918 38 924 ·
85 895 203 938 tum
235 886 394 937 illum
418 888 751 955 eloquentiae
775 886 896 938 suae
919 885 1198 936 salutarem
1218 901 1331 934 non
1357 893 1433 955 et-

197 1080 237 1122 4.
284 1075 395 1125 idque
421 1075 469 1111 ab
500 1077 548 1111 H.
589 1074 723 1111 Turio.
756 1074 863 1112 Flor.
900 1076 947 1118 ¹1‘.
979 1087 1058 1110 cum
1090 1074 1136 1110 H.
1171 1072 1299 1109 Guelf.
1362 1072 1428 1109 ho·

75 1127 216 1181 fienst'o
246 1132 382 1168 Turic-
452 1132 640 1167 culucullis
669 1131 774 1170 flor.
829 1132 967 1167 lucillis
997 1129 1124 1167 Guelf.
1149 1129 1267 1166 Goth.
1289 1129 1423 1178 Camp.

80 1188 227 1226 Laculo
256 1189 355 1228 Jens.
388 1190 480 1232 (err.
511 1189 642 1231 Gesn.)
670 1188 832 1224 Lucullo
864 1189 980 1224 Tarv.
1014 1198 1051 1222 et
1081 1186 1165 1222 edd.
1206 1186 1301 1235 post.
1340 1195 1427 1221 ante

81 1244 176 1280 Bad.
208 1245 279 1292 qui
311 1257 358 1280 ex
386 1244 489 1282 Van.
518 1245 692 1292 reposuit
719 1244 896 1281 nostram.
931 1244 1022 1282 Vid.
1054 1254 1135 1279 not.
1169 1255 1275 1291 exeg.
1345 1242 1422 1291 ple-

81 1298 204 1347 *risque
230 1301 318 1336 aliis
347 1301 480 1350 Camp.
539 1300 774 1350 pluribusque
805 1317 842 1337 a.
876 1301 998 1336 Andr.
1057 1299 1224 1348 pluribus
1244 1313 1278 1335 a.
1299 1300 1425 1335 Stoer.

85 1353 254 1390 Chouet.
284 1356 398 1394 Laid.
570 1356 783 1405 appellatus
815 1356 900 1406 sap.
949 1356 1011 1391 Sic
1052 1356 1185 1390 Turio.
1227 1354 1329 1390 Flor.
1374 1349 1425 1400 eft

82 1408 258 1446 inserunt
281 1411 439 1460 reliqui.
504 1413 604 1448 iWox
633 1413 729 1448 alter
765 1423 850 1448 ante
882 1411 952 1462 nisi
983 1425 1060 1447 om.
1092 1410 1220 1446 Guelf.
1258 1423 1289 1445 c.
1319 1408 1425 1448 Voss‘.

85 1475 126 1510 3.
152 1469 155 1475 ’
186 1468 250 1502 vix
278 1467 386 1516 sotio
426 1471 527 1513 cujus
563 1468 668 1517 reliq.
709 1469 844 1505 Turio.
877 1468 981 1504 Flor.
1051 1468 1264 1517 relinquerit
1304 1464 1426 1502 Goth.

83 1525 175 1568 (tac.
206 1522 336 1570 Gesn.)
365 1524 516 1573 reliquit
546 1523 647 1561 Voss'.
679 1533 717 1567 5.
892 1538 1047 1573 namque
1086 1522 1268 1570 defendat
1306 1522 1427 1557 omnis

79 1587 214 1615 orator
244 1579 341 1616 idem
367 1591 588 1630 portumque
617 1581 751 1616 Turic.
784 1579 889 1617 Flor.
933 1580 1034 1627 (nisi
1065 1579 1172 1628 quod
1201 1579 1270 1614 ille
1302 1576 1428 1626 defen-

84 1636 192 1677 dant,
225 1635 291 1671 hic
320 1635 507 1684 defendet,
539 1646 703 1685 uterque
732 1642 967 1686 partumque)
999 1636 1127 1672 Guelf.
1160 1636 1259 1674 Jens.
1284 1646 1320 1670 et
1340 1634 1427 1669 edd.

80 1691 180 1742 post.
212 1702 298 1728 ante
327 1692 440 1729 Basil.
471 1693 564 1739 (nisi
597 1693 705 1741 quod
732 1692 907 1741 defendet
929 1694 1021 1729 Bad.
1053 1694 1168 1729 etiam
1206 1704 1253 1728 ex
1282 1688 1430 1736 Vall.);

0 1775 5 1784 .
80 1748 129 1783 in
159 1761 234 1798 qua
272 1748 458 1796 scriptura
500 1750 616 1784 omnis
654 1749 921 1785 nominativus
951 1748 1164 1786 habebatur
1201 1746 1430 1797 singularis,

9 1818 14 1826 ·
87 1811 128 1838 et
152 1804 234 1852 post
263 1804 362 1839 idem
384 1804 711 1852 distinguebatur.
783 1805 954 1854 Namque
993 1803 1169 1852 defendet
1198 1805 1318 1839 omnis
1343 1815 1430 1836 ora-

89 1866 162 1898 tor,
193 1858 359 1906 idemque
385 1871 533 1909 portum
562 1861 709 1909 Camp.'
727 1860 840 1896 B-asil.
883 1871 922 1896 et
953 1861 1037 1896 edd.
1078 1859 1170 1909 post.
1205 1870 1291 1893 ante
1321 1856 1430 1892 Gesn-

90 1913 302 1964 eademque
331 1913 519 1964 scriptura
550 1916 600 1950 est
628 1917 672 1950 in
690 1916 811 1953 Goth.
840 1930 968 1964 neque
995 1916 1205 1964 quicquam
1233 1912 1433 1951 diversita-

24 2080 27 2083 ἢ
81 2096 83 2098 ·
145 2090 184 2133 4.
244 2085 409 2121 Luculli.
460 2085 507 2121 L.
544 2086 733 2124 Lucullus
848 2088 906 2122 cui
922 2084 1025 2136 reliq.
1051 2084 1084 2120 71.
1109 2084 1288 2122 mlocum.
1315 2082 1434 2120 Novo

81 2151 178 2189 'eum
202 2142 259 2178 M.
283 2142 399 2178 fratre
432 2143 505 2187 (an
538 2144 734 2180 consobri-
794 2144 942 2179 dictum
961 2153 1071 2192 puto,
1102 2141 1162 2177 sed
1180 2152 1224 2177 ut
1250 2138 1359 2176 facile
1380 2149 1434 2174 ta·

76 2198 165 2241 '2203
195 2198 277 2235 vid.
291 2198 490 2247 verheyk.
511 2200 557 2234 ad
567 2200 730 2249 Eutrop.
792 2214 883 2236 men
908 2198 1161 2248 intelligatur.
1221 2197 1325 2234 Nam
1345 2207 1438 2231 cum

29 2304 33 2305 ⁷
90 2254 131 2296 6.
165 2255 245 2298 7.);
307 2268 477 2304 quorum
517 2257 667 2292 mentio
699 2267 737 2293 et
795 2257 947 2293 dicatur
968 2257 1067 2292 locus
1090 2251 1140 2302 efi
1158 2254 1273 2292 ,alicui
1296 2254 1349 2287 rei
1370 2248 1438 2287 vel

85 2308 189 2346 tlibi
209 2311 428 2357 conjuncta,
460 2322 505 2347 ut
530 2313 573 2348 in
604 2312 736 2348 aedili·
795 2314 952 2359 alicujus
981 2314 1054 2351 rei,
1087 2311 1166 2346 dici
1192 2309 1351 2359 proprie
1374 2306 1438 2342 de-

83 2375 168 2402 vtate
211 2366 420 2413 magnifica
463 2381 522 2416 ap.
570 2370 651 2407 Cic.
689 2369 736 2404 de
794 2369 906 2406 beret
936 2369 1006 2410 „in
1042 2381 1104 2403 me
1138 2365 1248 2402 loom
1279 2375 1359 2400 non
1391 2360 1440 2397 est

92 2421 173 2459 Off.
203 2431 240 2462 2,
276 2421 338 2458 16.
367 2423 514 2471 quique
546 2437 635 2460 cum
663 2425 737 2460 alia
794 2424 937 2471 „hujus
956 2423 1168 2460 nominis.“
1226 2421 1344 2458 Nunc
1365 2429 1439 2468 pro

28 2503 34 2510 -
79 2490 138 2517 m
147 2477 274 2528 prima
295 2489 413 2515 aetate
434 2479 549 2517 simul
561 2491 736 2528 egerunt,
795 2483 835 2517 in
859 2494 915 2515 me
937 2480 1115 2516 dativum
1134 2477 1264 2528 posuit
1284 2476 1335 2513 ob
1353 2487 1443 2512 ver-

80 2544 178 2582 jum
210 2536 250 2571 P.
283 2533 499 2583 Servilium
535 2549 735 2584 augurem,
795 2537 892 2573 bum
917 2537 1131 2586 relinquere.

77 2590 214 2640 -pntris
249 2592 527 2634 accusatorem,
557 2606 668 2629 reum
699 2603 739 2629 et

78 2644 222 2696 ⁴ipsum
262 2647 457 2684 fecerunt:
517 2650 624 2686 vid.‘
655 2650 736 2687 Cic.
859 2649 1038 2700 idemque.
1083 2648 1109 2685 i.
1142 2647 1247 2684 idem
1274 2645 1343 2683 ille
1375 2643 1446 2695 qui

98 2702 214 2763 ..Ac-ad.
238 2709 275 2749 4.
298 2705 387 2743 init.
406 2705 508 2743 Plut.
531 2707 573 2743 in
585 2705 743 2744 Lucull.
804 2707 1032 2744 innocentes
1053 2705 1186 2743 servat.
