1676 3028
259 264 382 313 174·
564 257 637 303 M.
684 258 814 303 ΕΑΒ.
865 252 1278 319 QmNT1L1AN1
1655 194 1676 315 l

256 377 322 427 de
350 379 530 429 eadem
562 397 618 429 re
649 380 902 437 dicimus,
971 390 1021 428 et
1056 380 1272 444 quidem
1303 383 1575 436 continuas

253 472 637 520 nonnunquam
670 455 978 503 sententias?
1035 455 1152 502 Nisi
1194 455 1329 504 forte
1363 466 1576 506 conten-

255 529 378 578 dere
399 532 677 579 nobiscum
707 529 988 594 postumus,
1028 547 1148 577 cum
1185 531 1299 579 aliis
1327 533 1576 598 non‘pos-

253 603 450 654 sumus.
526 607 667 654 'Nam
702 605 743 652 si
782 622 893 666 urio
927 621 1114 669 genere
1143 605 1275 652 bene
1301 606 1574 666 diceretur,

252 678 328 727 fas
360 691 466 727 erat
502 679 780 728 existimari
811 679 1125 745 praeclusam
1155 681 1310 728 nobis
1335 697 1360 726 a
1383 683 1573 746 priori-

250 753 350 803 bus
387 756 540 802 viam.
627 756 789 803 Nunc
834 771 961 804 vero
1005 755 1412 804 innumerabiles
1451 755 1574 805 funt'

207 837 230 875 8
253 828 416 887 modi,
460 830 822 894 plurimaeque
843 829 1030 878 eodem
1050 831 1166 878 viae
1187 830 1401 879 ducunt.
1469 833 1573 880 Sua

250 904 494 952 brevitati
514 906 688 969 gratia,
731 903 816 953 sua
838 907 1041 969 copiae;
1073 900 1170 952 alia
1192 891 1445 955 translatis
1467 908 1575 954 vir·

249 989 364 1036 tus,
425 980 522 1026 alia
557 981 797 1045 propriis.
877 984 990 1029 Hoc
1023 982 1190 1030 oratio
1223 989 1382 1038 recta,
1433 981 1572 1029 illud

247 1052 422 1118 figura
458 1054 711 1103 declinata
743 1055 1083 1103 commendat.
1198 1054 1309 1120 Ipsa
1340 1055 1569 1124 denique

248 1128 507 1179 utiliffima
538 1129 610 1178 est
636 1131 994 1179 exercitationi
1024 1129 1311 1180 difficultas.
1391 1131 1568 1200 Quid?

247 1356 318 1407 ipsi
345 1371 410 1394 nos
438 1357 491 1394 bis
537 1358 623 1394 Ald.
853 1362 1080 1398 contendere.
1120 1360 1251 1395 Turic.
1290 1360 1340 1395 acl
1369 1361 1563 1407 intendere,

247 1427 268 1448 a
295 1415 362 1449 sec.
390 1427 508 1449 manu
551 1415 600 1449 acl
631 1416 670 1449 id
699 1416 897 1451 intendere.
947 1416 1049 1451 Flor.
1092 1415 1132 1462 (a
1165 1428 1223 1463 pr.
1253 1417 1324 1460 m.)
1369 1417 1565 1452 intendere.

244 1469 393 1503 Positus
422 1469 584 1504 voculae
614 1484 687 1504 non
714 1470 836 1505 mirus
869 1471 918 1505 est
946 1471 987 1504 in
1016 1471 1137 1506 nostra
1160 1471 1351 1518 scriptura,
1379 1471 1448 1505 ubi
1469 1472 1564 1506 duo-

243 1521 467 1558 busverbis
493 1523 695 1559 divellitur
714 1525 759 1560 ab
779 1526 838 1559 An
862 1526 937 1560 suo.
984 1527 1080 1560 Mox
1103 1523 1185 1572 Nisi
1195 1525 1311 1572 forte,
1343 1525 1566 1572 exquisitior

242 1578 371 1625 figura
399 1578 587 1625 loquendi
614 1580 762 1626 ingrate
782 1581 946 1614 recurrit
966 1580 1058 1628 post*
1075 1592 1217 1628 paucos
1238 1579 1378 1614 versus.
1440 1581 1566 1626 Quan-

245 1645 355 1680 quam
380 1633 426 1667 cf.
453 1646 512 1674 ιο,
550 1648 582 1673 1,
612 1643 676 1677 23.
735 1635 793 1669 An
813 1634 876 1668 hic
896 1636 1024 1682 potius
1050 1647 1162 1682 quam
1185 1635 1291 1681 supra
1321 1637 1354 1680 §.
1378 1634 1412 1669 6.
1437 1635 1566 1670 omitti

244 1687 432 1723 debebant
457 1688 548 1723 haec
580 1689 657 1724 duo
679 1688 864 1724 vocabula
898 1700 934 1724 et
964 1690 1012 1724 sic
1034 1687 1145 1724 scribi
1169 1699 1245 1723 tota
1275 1689 1474 1723 sententia:
1506 1690 1566 1724 An

242 1755 327 1776 vero
363 1741 434 1790 ipsi
451 1756 517 1778 nos
535 1743 588 1778 bis
606 1758 647 1778 ac
657 1743 807 1792 saepius
828 1764 878 1770 —
892 1743 1108 1791 sentencias,
1142 1758 1183 1778 ac
1213 1745 1426 1779 contendere
1445 1745 1564 1779 nobis-

242 1810 321 1842 eum
340 1796 531 1846 poffunzus,
561 1812 639 1833 cum
656 1800 741 1834 aliis
760 1812 833 1833 non
853 1798 1064 1847 poffumus?
1102 1799 1148 1834 cf.
1174 1812 1232 1839 ιο,
1262 1807 1299 1841 3,
1333 1809 1395 1845 29.

320 1866 398 1886 cum
418 1854 503 1888 aliis
524 1867 596 1888 non
619 1853 811 1902 poffumus.
852 1854 981 1889 Turic-
1002 1854 1103 1889 Flor.
1137 1857 1174 1898 (a
1195 1867 1251 1902 pr.
1277 1854 1346 1897 m.)
1379 1853 1567 1890 omittunt'

243 1919 331 1941 cum
357 1906 457 1942 Alm.
490 1909 594 1945 Voss'.
622 1923 656 1943 ι.
681 1918 716 1950 5.
938 1921 1008 1943 uno
1030 1923 1170 1956 genere.
1201 1910 1265 1944 Sic
1297 1908 1428 1944 Turio.
1459 1907 1563 1944 Flor.

241 1961 367 1996 Guelf.
401 1964 531 2011 Camp.
562 1976 649 1997 cum
679 1962 777 1998 Alrn.
810 1962 926 1998 Goth.
957 1963 1060 1999 Voss'.
1102 1978 1132 1997 1.
1162 1972 1198 2000 2.
1219 1972 1255 2006 3.
1295 1974 1331 1998 et
1361 1963 1444 1998 edd.
1479 1974 1562 2000 ante

238 2016 324 2051 Ald.
360 2017 432 2051 Hic
453 2018 587 2052 nostris
608 2019 789 2053 duntaxat
809 2017 982 2065 subjunz'
974 2028 1015 2058 lt,
1041 2018 1163 2065 Regio
1194 2018 1390 2058 suadente3
1418 2017 1563 2066 reliqui

238 2068 411 2106 inserunt
429 2078 583 2108 tuntum.
814 2073 999 2106 diceretur.
1030 2071 1154 2108 Guelf.
1178 2074 1313 2108 dicetur
1334 2085 1421 2106 cum
1445 2073 1560 2108 Goth.

238 2126 342 2167 Voff.
366 2136 404 2170 5.
435 2129 531 2165 Jens.
565 2139 602 2163 et
624 2128 706 2163 edd.
729 2127 883 2176 posterr-
916 2138 999 2162 ante
1023 2128 1130 2162 Leid.
1160 2141 1238 2163 exc.
1258 2127 1363 2162 Bafil.

320 2191 410 2216 erat.
441 2182 559 2217 Goth.
583 2184 680 2221 Jens.
711 2181 800 2230 (tac.
822 2182 949 2227 Gesn)
977 2184 1044 2217 erit
1077 2195 1162 2216 cum
1184 2183 1267 2217 edd.
1286 2181 1559 2230 posterioribus

235 2246 318 2270 ante
338 2237 447 2272 Leid.
480 2251 558 2273 exc.
579 2238 686 2273 Basti.
917 2240 1026 2273 viam.
1057 2239 1172 2272 Nunc.
1203 2237 1303 2272 Flor.
1338 2238 1375 2281 (a
1400 2237 1466 2272 [θα.
1487 2240 1559 2280 m.)

236 2291 366 2339 Camp.
398 2292 567 2328 inserunt
598 2295 633 2327 irz
663 2293 814 2327 dicendo
860 2306 944 2328 cum
970 2293 1085 2328 Goth.
1114 2292 1215 2330 Voff.
1242 2301 1277 2326 2.
1305 2291 1367 2335 (ut
1386 2291 1558 2333 videtur)

235 2356 271 2379 et
294 2347 376 2381 edd.
401 2358 484 2381 ante
506 2350 626 2384 Stoer.
651 2361 730 2384 exc.
753 2347 862 2382 Basil.
899 2360 973 2382 acc.
999 2347 1100 2383 Gibs.
1133 2347 1227 2383 Obr.
1257 2349 1329 2382 Pro
1353 2359 1445 2381 nunc
1471 2360 1555 2381 vero
1622 2347 1627 2353 ²

237 2399 338 2436 Alm.
360 2415 516 2437 numero.
1282 2404 1285 2405 ⁷

321 2516 357 2552 8.
388 2511 463 2546 Sua
484 2510 657 2545 brevitati
674 2513 810 2558 gratia.
833 2510 903 2559 sua
924 2513 1075 2558 copiae:
1103 2512 1191 2546 alia.
1218 2510 1313 2548 Jenf.
1337 2508 1419 2556 sive
1439 2509 1553 2545 brevi-

239 2566 326 2598 tatis
353 2578 388 2610 g.
414 2565 495 2612 sive
526 2579 553 2599 c.
581 2580 614 2599 a.
657 2578 743 2600 cum
785 2567 868 2601 edd.
896 2566 1049 2614 posterr.
1084 2576 1167 2600 ante
1195 2565 1284 2599 Bad.
1322 2563 1392 2599 Sed
1423 2565 1551 2599 Turio.

230 2617 263 2666 s.
283 2619 314 2653 b.
336 2622 496 2666 gratiam
519 2629 558 2654 ιιε
588 2621 676 2660 alia,
710 2633 729 2654 a
754 2621 820 2656 sec,
848 2634 898 2656 m.
934 2622 1067 2666 gratia,
1093 2630 1240 2654 retento
1273 2633 1317 2654 an
1349 2619 1483 2654 omiffo
1515 2630 1553 2670 ut

233 2674 370 2709 nescio.
410 2674 513 2708 Flor.
557 2676 679 2722 prima
709 2688 842 2710 manus
879 2676 1030 2724 penitus
1065 2675 1211 2714 abrasa,
1258 2684 1295 2708 et
1323 2674 1394 2722 sua
1425 2676 1552 2720 copiae

233 2729 452 2776 repositum.
484 2728 585 2764 Alm.
615 2730 706 2765 haec
736 2731 813 2765 duo
843 2731 959 2776 verba
985 2729 1139 2764 omittit.
1170 2728 1294 2764 Guelf.
1318 2729 1350 2778 s.
1374 2728 1551 2764 brevitate

839 2810 860 2832 4
