1696 3016
375 196 540 242 INST.
565 226 567 230 -
589 195 869 243 ORATOR.
913 195 1035 240 LIB.
1079 195 1153 253 X,
1203 209 1245 241 1.
1421 211 1484 258 19

126 338 368 390 [quorum
395 311 533 372 'ulter
552 339 650 389 pro
682 319 923 380 Aufidia,
961 331 1141 371 contra
1162 319 1299 371 dixit
1322 322 1478 374 alter:

88 437 89 444 κ
128 411 182 449 et
212 401 475 450 Pollionis
509 411 560 448 et
593 398 739 450 Caffii
771 415 864 449 reo
888 397 1204 464 Asprenate,
1245 399 1479 465 aliasque

125 478 397 543 plurimas.
478 478 623 546 Quin
655 477 810 524 etiam
827 514 840 534 ,
880 474 919 523 fi
944 476 1126 525 minus
1152 492 1302 541 pares
1326 477 1477 526 vide·
1498 490 1550 526 25

126 554 360 612 buntur,
432 554 637 618 aliquae
704 564 879 602 tamen
935 552 1000 601 ad
1058 551 1476 618 cognoscendam

124 630 304 680 litium
334 629 690 696 quaestionem
713 640 850 679 recte
869 629 1237 695 requirentur:
1265 640 1326 679 ut
1350 648 1477 681 con-

123 717 203 756 tra
237 709 510 778 Ciceronis
553 709 840 767 orationes,
899 707 1203 758 Tuberonis
1231 708 1291 756 in
1320 709 1476 776 Liga-

124 861 256 898 Turio.
287 873 360 909 pro
385 861 503 897 Servii
526 861 683 909 Sulpicii
703 875 723 896 a
740 874 799 910 pr.
822 874 875 897 m.
899 860 1012 897 fuiffe
1024 858 1296 908 servisulpici;
1327 874 1347 896 e
1366 859 1473 897 Flor-

112 915 236 966 servi,
274 929 344 952 nec
375 917 579 965 postmodo
610 927 850 958 correctum,
891 917 1043 958 afferri;
1084 917 1180 951 ficut
1210 930 1306 952 mox
1335 917 1473 952 Turio.

121 986 141 1007 a
163 986 220 1022 pr.
243 985 296 1007 m.
319 971 427 1022 caffi:
457 973 504 1008 cf.
527 982 565 1016 5,
587 981 624 1016 5,
653 983 712 1017 ι7.
742 984 779 1009 et
797 973 915 1022 praef.
937 973 1051 1008 nostr.
1076 983 1128 1008 to.
1155 987 1188 1006 ι.
1219 986 1258 1021 p.
1283 980 1347 1017 75.
1396 973 1471 1008 Sed

119 1028 279 1064 videtur
299 1029 342 1064 in
362 1029 434 1064 hae
455 1029 674 1077 quaestione
690 1029 865 1077 neglecta
886 1029 1050 1065 Charisii
1066 1029 1286 1077 (p.Putsch.
1305 1042 1368 1064 ιο.
1388 1043 1404 1064 1
1418 1032 1470 1074 ι.)

118 1084 314 1134 ipfiusque
334 1086 520 1122 Varronis
542 1085 617 1130 (ib.
644 1093 707 1133 59.
734 1086 818 1132 60.)
842 1085 1065 1122 auctoritas.
1254 1099 1317 1121 reo
1337 1084 1472 1135 Aspre-

118 1150 219 1177 nate.
285 1141 418 1177 Turio.
462 1141 566 1178 Flor.
606 1141 656 1187 (a
684 1143 752 1178 sec.
786 1157 838 1178 m.
867 1153 1054 1191 uterque;
1096 1140 1164 1177 ille
1188 1142 1347 1190 quidem
1370 1156 1387 1176 a
1409 1155 1473 1191 pr.

118 1197 366 1247 aspernatae)
398 1211 480 1234 reos
506 1199 721 1248 aspernatus
755 1196 825 1247 eft,
861 1210 900 1237 et
925 1200 974 1234 fic
1005 1197 1135 1234 Guelf.
1163 1199 1297 1247 Camp.
1331 1199 1402 1247 qui
1432 1208 1472 1235 et

118 1255 241 1291 modo
273 1253 413 1304 Caffius
441 1268 532 1290 cum
563 1256 679 1292 Goth.
711 1258 808 1302 (tac.
841 1256 985 1298 Gesn.)
1014 1254 1121 1292 Voss'.
1149 1265 1184 1290 2.
1245 1255 1320 1290 Sed
1347 1254 1470 1291 Goth.

119 1324 201 1346 reus
221 1307 437 1360 aspernatus
456 1309 508 1359 efi
529 1325 618 1347 cum
641 1313 726 1350 edd.
747 1311 902 1348 multis:
932 1323 1059 1359 neque
1081 1309 1161 1345 ulla
1179 1319 1329 1347 rectum
1352 1311 1471 1348 habet

119 1378 206 1404 ante
230 1367 340 1404 Bafil.
408 1369 490 1416 Ipsa
521 1379 650 1404 autem
680 1381 783 1414 cum,
799 1367 984 1417 plurimis
1014 1377 1148 1416 peccat
1178 1367 1470 1417 transponendo

116 1421 308 1473 liquidam
329 1424 372 1460 in
393 1425 576 1460 nomine:
609 1425 655 1460 cf.
682 1439 727 1461 ιι
744 1451 755 1465 ,
781 1439 796 1460 1
812 1451 823 1465 ‚
846 1432 909 1468 57.

201 1490 268 1525 25.
299 1479 602 1528 cognoscendam.
663 1481 796 1517 Turic.
828 1480 933 1517 nor.
963 1480 1013 1527 (a
1042 1492 1103 1529 pr.
1133 1493 1186 1515 m.
1216 1482 1372 1529 uterq.)
1402 1492 1471 1516 nos

113 1538 333 1585 cogendam.
393 1536 520 1574 Guelf.
554 1537 826 1587 ignoscendum.
1055 1536 1272 1573 Tuberonis.
1331 1536 1467 1573 Turic-

114 1595 146 1629 F
148 1593 220 1629 ldr.
244 1593 371 1630 Guelf.
402 1601 442 1629 tu
458 1607 545 1629 vero
567 1593 646 1644 ¹²¹fi·
871 1596 910 1628 in
927 1593 1062 1641 Ligur.
1127 1593 1190 1628 Sic
1211 1593 1344 1628 Turio.
1362 1594 1391 1627 F
1393 1592 1467 1628 lor.

116 1649 246 1704 Gueif.
278 1651 412 1701 Camp.
444 1650 565 1688 Goth.
596 1651 697 1690 Jens.
727 1651 817 1698 (tac.
848 1650 984 1695 Gesn.)
1015 1662 1105 1685 cum
1140 1649 1226 1685 edd.
1253 1660 1339 1685 ante
1358 1648 1467 1686 Bafil.

114 1773 172 1811 let
228 1775 323 1817 „M.
378 1775 548 1811 Valerius
591 1774 763 1825 Meffalq

113 1842 272 1873 „contra
292 1830 547 1867 Aufidiam“?
575 1832 639 1867 Est
657 1832 760 1867 enim

817 1773 1001 1822 jectaneis
1023 1779 1088 1819 58.
1123 1774 1283 1822 (Lamp.
1308 1773 1467 1818 Grunl.

114 1888 199 1924 sane
229 1888 353 1935 magis
375 1888 684 1930 consentaneum,
716 1899 761 1924 ut

113 1945 224 1994 prius
263 1945 359 1980 alter
397 1943 464 1979 hic
502 1944 681 1994 respiciat
712 1946 760 1980 ad

111 2001 301 2050 priorem.
376 2001 540 2036 Interim
591 2002 618 2036 fi
670 2002 759 2050 quis

62 2066 66 2071 ’
114 2057 247 2106 cupiat
283 2057 419 2094 videre
449 2056 652 2099 hominem
681 2071 761 2093 me-

115 2112 300 2150 diocriter
319 2113 491 2154 doctum,
511 2113 760 2150 insultantem

114 2168 152 2205 se
189 2169 395 2216 peritiori‚
443 2168 592 2215 jubebo
629 2169 759 2218 legere

114 2235 248 2261 notam
268 2224 547 2274 Capperonerii
574 2223 759 2272 vellican-

113 2282 166 2318 tis
203 2283 493 2321 Burmannum3
539 2281 599 2316 rei
641 2282 758 2332 ipfius

115 2337 383 2374 difficultatem
436 2351 485 2374 ne
534 2338 760 2387 attingentis

113 2394 298 2443 quidem;
330 2407 447 2443 quare
465 2390 619 2430 'factum
646 2395 759 2436 bene,

112 2451 222 2498 quod
238 2449 306 2486 ille
321 2451 517 2487 lacessenti
531 2463 611 2487 non
622 2464 760 2502 peper-

111 2506 168 2542 cit
185 2507 302 2556 Epist.
329 2521 368 2557 p.
393 2518 454 2553 ²7·

171 2563 269 2600 Poll.
299 2574 336 2601 et
361 2563 456 2614 Gaff-
485 2579 547 2602 reo
569 2564 677 2615 Aspr.
709 2566 758 2604 cf.

114 2618 225 2655 dicta>
253 2619 298 2656 ad
340 2621 388 2663 6,
429 2629 476 2665 5,
524 2629 590 2668 78.
640 2631 678 2658 et
714 2623 760 2666 in

113 2688 288 2724 prooem.
318 2677 409 2717 Vol.
438 2680 491 2713 11.
522 2693 561 2729 p.
592 2687 630 2725 8.
669 2680 756 2715 add.

113 2731 357 2770 Ptolemaeus
393 2734 549 2773 Flavius
582 2736 625 2772 in
653 2737 757 2773 Con-

816 1844 855 1881 P·
882 1834 1002 1880 977·)

877 1951 943 1986 25.
973 1944 1093 1978 minus
1111 1956 1286 1992 pares—
1301 1942 1464 1979 Tubero·

816 2000 1148 2051 nis—Hortensii.
1205 1999 1391 2040 „Tubero
1410 2017 1465 2027 —

817 2056 999 2098 „transiit
1024 2069 1043 2090 a
1080 2058 1197 2093 caufis
1231 2055 1389 2103 agendis
1416 2055 1465 2092 ad

817 2114 908 2159 „jus
960 2111 1101 2154 civile;
1154 2112 1324 2147 maxime
1363 2112 1464 2161 post·

815 2181 961 2216 „quam
996 2169 1042 2215 Q.
1077 2169 1283 2218 Ligarium
1317 2169 1463 2204 accusa-

814 2225 924 2268 „vit,
964 2236 1035 2259 nec
1068 2225 1244 2261 obtinuit
1270 2242 1338 2260 —.
1378 2226 1463 2260 Ser-

813 2293 956 2323 „mone
967 2299 1022 2308 —-
1033 2281 1195 2330 antiquo
1214 2280 1300 2316 usus
1312 2280 1463 2317 affecta-

815 2337 905 2381 „vit
935 2337 1120 2380 scribere,
1152 2349 1189 2375 et
1211 2336 1302 2373 ideo
1323 2350 1463 2386 parum

815 2395 928 2440 „ejus
971 2392 1065 2430 libri
1095 2395 1197 2443 grati
1228 2393 1465 2429 l1abentu1-.“

815 2453 953 2500 Pomp.
987 2450 1032 2486 de
1064 2465 1120 2488 or.
1149 2452 1226 2498 jur.
1254 2449 1401 2498 Digest.
1425 2462 1461 2492 1,

818 2518 856 2549 2,
883 2518 920 2548 2,
950 2505 1014 2550 46.
1052 2509 1144 2545 Vid.
1176 2518 1212 2543 et
1232 2506 1307 2554 Qu.
1335 2518 1395 2546 ιι,
1424 2519 1461 2548 ⁸.

818 2574 883 2610 78.
912 2570 977 2608 80.
997 2584 1054 2592 —
1080 2564 1277 2606 „Dicebat
1303 2561 1460 2602 melius,

815 2634 958 2671 „quam
991 2621 1154 2670 scripsit,
1184 2620 1462 2655 Hortenfius.“

815 2678 895 2715 Cic.
929 2677 1036 2715 Orat.
1066 2685 1132 2723 58.
1169 2690 1210 2715 v.
1233 2686 1272 2713 et
1292 2676 1367 2724 Qu.
1393 2687 1460 2716 ιι,

814 2742 932 2781 528·

931 2793 1021 2827 132
