1676 3028
285 269 400 321 ¹520
596 258 686 303 M.
723 259 855 303 FAB.
892 258 1298 318 QUINTILIANI

277 378 600 440 ,firmentum
628 395 927 442 quanquam
944 377 1109 427 solent
1129 380 1230 428 hoc
1255 380 1365 446 ipso
1385 382 1606 429 maxime

303 457 540 511 haerere,
591 452 736 515 quod
767 453 1081 502 exciderunt.
1168 456 1306 503 Illud
1332 456 1606 504 ediscendo

301 528 678 589 scribendoque
725 545 1002 576 commune
1036 527 1132 585 est,
1195 531 1401 594 utrique
1434 533 1608 596 ‘pluri-

300 621 448 653 mum
471 601 705 652 conferre
730 602 922 651 bonam
954 603 1324 661 valetudinem,
1354 604 1607 668 digestum

268 683 270 688 “
305 680 506 734 cibum,
542 678 774 725 animum
812 679 1211 743 cogitationibus
1234 679 1344 727 aliis
1368 680 1604 727 liberum.

232 760 283 804 56
303 757 498 802 Verum
521 763 570 800 et
592 754 649 799 111
673 754 752 809 iis,
773 758 904 817 quae
930 751 1235 838 scripsimus,
1264 754 1640 818 complectens

301 829 382 878 dis
406 829 634 876 multum
656 828 843 885 valent,
884 839 934 876 et
952 830 1010 876 111
1038 831 1121 885 iis,
1153 845 1282 892 quae
1306 830 1607 893 cogitamus,

301 903 630 953 continendis
651 920 814 977 prope
837 902 970 952 solae
993 905 1239 968 (excepta,
1272 920 1403 968 quae
1426 913 1608 968 poten-

300 979 475 1028 tiffima
495 977 581 1035 est,
619 980 1004 1045 exercitatione)
1028 975 1210 1048 divisio
1235 989 1284 1026 et
1301 975 1605 1047 composicio.

301 1056 441 1102 Nam
471 1054 565 1118 qui
594 1064 727 1100 recte
751 1052 1009 1110 diviserit,
1045 1070 1316 1116 nunquam
1337 1055 1529 1139 poterit
1549 1054 1606 1100 in

215 1147 278 1183 >57
301 1147 475 1178 lerum
506 1128 690 1176 ordine
723 1145 903 1176 errare.
994 1129 1142 1177 Certa
1175 1127 1292 1176 sunt
1326 1130 1464 1176 0111111
1495 1145 1606 1176 11011

299 1204 469 1254 solum
494 1205 552 1251 111
578 1203 872 1267 digerendis
900 1202 1308 1267 quaestionibus,
1345 1202 1434 1252 sed
1455 1205 1606 1250 etiam

297 1282 356 1328 in
381 1278 719 1342 exequendis,
758 1277 799 1324 si
820 1278 980 1327 modo
1003 1289 1138 1324 recte
1166 1277 1404 1334 dicimus,
1441 1279 1609 1341 prima

299 1372 356 1402 ac
391 1353 642 1410 secunda,
681 1363 732 1400 et
764 1353 1031 1418 deinceps:
1065 1353 1408 1416 cohaeretque
1435 1353 1606 1400 omnis

297 1447 477 1479 rerum
505 1429 797 1492 copulatio,
835 1439 895 1476 ut
927 1431 977 1476 ei
1007 1428 1143 1476 nihil
1173 1444 1344 1492 neque
1377 1426 1609 1476 subtrahi

299 1571 396 1618 (qui
423 1579 461 1605 et
487 1568 618 1616 creba)
647 1568 775 1615 Camp.
806 1580 892 1602 cum
924 1569 1044 1602 Stoer.
1074 1568 1234 1603 Chouet.
1257 1566 1365 1602 Leia.
1387 1565 1488 1600 Roll.
1512 1565 1606 1601 Obr.

297 1627 496 1660 intentione
525 1625 626 1660 Vols.
668 1638 699 1659 1.
755 1621 910 1670 Reliqui
949 1624 1202 1661 reiteratione,
1247 1621 1468 1657 defbndente
1510 1619 1607 1654 male

297 1680 466 1716 Gibsono
481 1679 670 1726 exemplo,
692 1678 795 1726 quod
816 1678 865 1711 est
880 1688 914 1717 2,
928 1682 965 1723 4,
984 1687 1042 1719 15.
1067 1678 1112 1713 cf.
1128 1677 1376 1723 Oudendorp.
1395 1677 1440 1710 ad
1453 1678 1606 1711 Sueton-

216 1750 227 1758 s
296 1735 430 1774 Claud.
450 1746 479 1768 c.
511 1743 573 1776 17.
597 1744 690 1768 extr.
719 1733 839 1766 Modo
863 1732 990 1766 Turic.
1006 1731 1198 1780 scribendo
1218 1732 1294 1766 sine
1314 1744 1392 1778 que.

378 1790 441 1832 56.
479 1789 612 1823 Verum
641 1797 675 1822 et
699 1789 736 1822 in
758 1789 812 1821 iis.
849 1787 910 1821 Sic
933 1787 1063 1822 Ambr.
1087 1797 1121 1823 2.
1163 1787 1292 1834 Camp.
1329 1786 1372 1819 V.
1403 1787 1511 1819 etiam
1534 1787 1557 1820 i.
1580 1786 1604 1820 i.

297 1845 413 1880 Goth.
440 1844 535 1882 Jens.
569 1846 666 1887 (tac.
691 1843 824 1884 Gesn.)
854 1854 940 1876 cum
961 1841 1062 1878 Voss'.
1082 1851 1116 1877 2.
1140 1851 1176 1876 et
1197 1841 1280 1876 edd.
1305 1850 1387 1876 ante
1407 1840 1515 1875 Basil.
1539 1839 1606 1887 qui

297 1901 340 1936 V.
366 1901 431 1935 his.
461 1897 585 1934 Guelf.
621 1898 663 1934 V.
688 1908 722 1933 et
745 1898 810 1931 his.
833 1896 991 1943 Reliqui
1007 1897 1049 1931 V.
1071 1906 1107 1931 et
1126 1899 1162 1931 in
1183 1898 1249 1932 his.
1421 1894 1529 1943 solae
1550 1913 1604 1922 —

294 1957 557 1990 exercitatione.
590 1954 721 1990 Turio.
751 1952 854 1987 Flor·
881 1951 960 1997 (sed
991 1951 1056 1986 hic
1077 1952 1152 1986 sine
1173 1965 1300 1999 praep.
1320 1952 1379 1994 ex)
1405 1949 1490 1998 sola
1513 1964 1606 1999 quae

291 2019 370 2059 pot.
394 2007 443 2057 eft
462 2018 497 2044 et
521 2021 563 2044 ex
585 2010 850 2042 exercitatione.
873 2007 1003 2042 Ambr.
1019 2017 1053 2041 2.
1085 2007 1210 2042 Guelf.
1224 2009 1352 2055 Camp.
1370 2007 1606 2052 (quanquam

291 2065 358 2101 hic
377 2077 455 2099 non
473 2065 587 2104 habet
609 2067 661 2106 et)
671 2062 758 2111 sola
777 2070 924 2110 excepta
943 2075 974 2109 q.
994 2075 1029 2108 p.
1053 2059 1100 2109 est
1123 2072 1159 2097 et
1175 2077 1203 2097 e.
1225 2075 1310 2097 eum
1328 2060 1425 2099 Vols,
1439 2069 1474 2102 3.
1495 2062 1606 2096 Bern.

292 2121 414 2155 Error
436 2121 478 2154 in
492 2118 578 2167 sola
599 2129 707 2153 natus
729 2132 748 2153 e
774 2119 946 2163 sequente
964 2118 994 2150 E
1016 2118 1056 2151 in
1080 2126 1237 2166 excepta,
1259 2130 1387 2164 neque
1404 2125 1482 2149 erat
1503 2115 1608 2162 quod

294 2174 343 2210 iis
375 2176 450 2210 hoc
480 2184 744 2209 annumeraret
775 2171 956 2218 exemplis
986 2174 1246 2213 Burmannus,
1290 2172 1335 2206 de
1367 2169 1507 2218 quibus
1530 2171 1608 2217 agit

295 2231 341 2265 ad
368 2240 412 2272 7,
438 2236 481 2273 4,
503 2227 786 2277 31..p0t1ffima
806 2227 920 2261 Goth.
944 2227 1040 2264 Jens.
1067 2228 1153 2273 (tac.
1178 2228 1307 2273 Gesn.)
1327 2239 1413 2261 cum
1436 2224 1518 2259 edd.
1538 2237 1607 2271 po·

294 2285 397 2321 sterr.
429 2296 513 2320 ante
540 2283 703 2319 Chouet.
735 2296 813 2318 exc.
839 2281 921 2317 Ald.
975 2283 1088 2328 Quod
1108 2282 1207 2317 Alm.
1230 2282 1396 2328 ejusdem
1418 2279 1606 2314 accusatur

294 2341 519 2388 scripturae,
559 2339 815 2374 confusionem
835 2338 1068 2384 interpretor
1088 2338 1190 2375 Voss'.
1216 2346 1251 2373 2.
1273 2349 1415 2385 ponere
1439 2333 1606 2384 volentis

292 2393 362 2442 (cf.
389 2399 422 2442 ᾖ.
443 2397 539 2438 55.).
591 2394 663 2428 Sed
699 2395 730 2437 ᾗ.
754 2401 816 2436 40.
846 2391 1065 2439 potiffimum
1096 2395 1224 2440 Camp.
1247 2405 1334 2426 cum
1357 2390 1473 2426 Andr.
1494 2389 1601 2424 Bam.

295 2461 333 2486 et
352 2450 499 2498 aliquot
510 2451 639 2484 Burm.
662 2447 879 2486 DeinVoss'.
902 2459 934 2481 ι.
956 2449 991 2481 in
1011 2448 1219 2494 praemittit
1239 2447 1326 2482 voci
1339 2445 1605 2480 exercitatione.

377 2525 441 2560 57.
475 2517 508 2550 ei
530 2515 633 2550 nihil.
662 2515 793 2553 Turic.
812 2513 913 2548 Flor.
928 2513 1011 2558 (hie
1031 2527 1050 2546 a
1067 2526 1125 2560 pr.
1147 2515 1218 2558 m.)
1238 2521 1274 2547 et
1295 2525 1330 2546 n.
1353 2509 1446 2553 cf.5,
1465 2522 1526 2548 10,
1540 2509 1603 2556 96.

350 2634 415 2669 57.
442 2625 479 2672 si
509 2625 616 2660 modo
649 2633 740 2658 recte
761 2625 919 2658 dicimus.
978 2623 1098 2658 nimio
1130 2621 1325 2675 splendore
1355 2632 1483 2654 :erum
1509 2619 1604 2665 ipsa·-

293 2679 482 2715 Nififoite
494 2681 721 2723 ornamentis
735 2691 806 2714 tam
821 2680 923 2713 amb·
980 2691 1067 2712 ium
1107 2688 1327 2724 compagem
1359 2685 1395 2709 et
1424 2674 1604 2710 articulos

293 2733 403 2771 itio'se
436 2735 702 2782 indulgemus,
735 2746 778 2770 ut
793 2747 928 2772 eorum
985 2734 1235 2769 obscuremus.
