1676 3028
303 149 468 200 msr.
515 149 793 199 ORATOR.
838 148 962 193 Lm.
1006 146 1078 200 X,
1117 157 1158 189 1.
1364 152 1428 198 35

67 280 182 357 stes
205 280 426 332 cuilibet
438 280 757 327 Graecarum
776 272 1068 339 comparari
1085 267 1269 338 potest.
1300 267 1432 319 Ovi-

78 364 153 412 dii
184 359 381 410 Medea
412 355 630 405 videtur
659 351 797 402 mihi
824 349 1098 400 ostendere
1115 386 1128 406 ‚
1167 357 1432 413 quantum

76 439 171 488 ille
191 438 279 487 vir
302 432 558 502 praestare
577 429 835 496 potuerit,
872 427 910 477 fi
935 427 1155 491 ingenio
1179 423 1277 474 suo
1299 434 1433 472 tem-

77 530 262 583 perare
307 528 466 576 quam
515 508 795 572 indulgere
848 501 1120 553 maluiffet.
1225 504 1429 551 Eorum

79 608 218 659 quos
253 589 513 644 viderim,
546 587 704 650 l‘onge
734 583 979 649 princeps
1002 581 1317 646 Pomponius
1342 577 1435 625 Se-

81 669 291 725 cundus,
312 681 475 731 quem
500 662 648 712 senes
670 677 859 727 parum
880 659 1140 725 tragicum
1162 656 1436 724 putabant,

5 744 392 798 ³¹5eruditione
424 758 482 789 ac
525 740 701 789 nitore
732 735 988 805 praestare
1024 733 1434 786 confitebantur.

170 908 406 959 'Graecarum-
465 917 528 954 sio
559 916 691 953 Turic-
721 915 826 953 Flor.
862 916 955 959 (hic
978 929 998 951 a
1020 928 1080 965 pr.
1103 915 1188 958 m.)
1219 925 1309 949 cum
1332 908 1438 947 Alm-

81 978 271 1030 probante
292 977 390 1022 jam,
422 987 490 1010 nee
513 973 725 1021 recipiente
745 974 984 1013 Burmanno,
1017 973 1087 1020 qui
1107 982 1212 1007 recte
1232 968 1436 1017 vulgatam

81 1033 226 1084 repetit
263 1031 368 1072 inde,
401 1030 510 1079 quod
545 1031 632 1064 Jam
676 1030 796 1065 Varus
827 1029 949 1064 fuerit
985 1028 1028 1064 in
1058 1027 1292 1077 quibusdam
1322 1023 1437 1078 cofld.

83 1091 148 1128 Sic
179 1089 284 1126 enim
312 1087 557 1123 scribendum
589 1088 632 1122 in
663 1085 882 1122 Burmanni
908 1097 1022 1125 nota,
1074 1097 1147 1133 pro
1178 1084 1265 1120 Jam
1299 1081 1438 1122 Variis,

85 1146 190 1197 quod
218 1142 390 1194 sphalma
424 1156 505 1179 non
534 1142 698 1179 debebat
725 1154 939 1191 propagare
962 1151 1161 1177 corrector
1182 1139 1250 1175 ille
1273 1139 1437 1186 Capper.

82 1202 244 1251 Reliqui
265 1203 497 1238 Graecorum.
715 1195 849 1246 potest.
896 1197 1023 1234 Guelf.
1042 1197 1146 1234 valet
1164 1210 1254 1233 cum
1272 1194 1378 1232 Voss'.
1404 1204 1440 1230 ι.

86 1260 136 1296 cf.
166 1262 201 1307 §.
235 1265 316 1306 95..
361 1257 424 1292 Sic
453 1266 491 1292 et
515 1267 612 1292 mox
645 1265 737 1291 102.
769 1255 874 1293 Voff.
910 1269 944 1290 1.
974 1252 1179 1303 nominaffe
1200 1266 1274 1303 pro
1295 1247 1440 1299 clixIffe,

89 1327 312 1365 quanquam
342 1314 419 1348 fine
446 1312 565 1348 sensu.
806 1311 870 1346 ille
900 1313 967 1347 vir.
1040 1311 1104 1346 Sic
1136 1310 1269 1346 Turio.
1305 1309 1442 1356 Camp.

88 1371 251 1419 Reliqui
269 1385 305 1407 v.
329 1370 353 1406 ἰ.
530 1378 800 1416 temperare—
813 1368 1014 1415 indulgere.
1076 1367 1209 1402 Turic.
1229 1365 1444 1416 operari—-

90 1427 294 1475 indulgere.
356 1425 502 1462 Offecit
530 1439 552 1460 ο
580 1425 810 1474 praecedens
828 1425 952 1460 verbo
974 1432 1196 1473 temperare,
1226 1434 1323 1459 mox
1343 1419 1444 1458 istud

90 1485 239 1532 operari
268 1483 417 1518 formae
450 1482 652 1529 indulgere.
712 1479 816 1516 Alm.
847 1493 1070 1529 operum—
1094 1481 1119 1516 ι’.
1188 1478 1299 1516 Bam.
1330 1479 1444 1527 irnpe-

90 1553 172 1576 rare
191 1558 247 1567 —
267 1541 292 1576 i.
324 1538 432 1588 quod
461 1537 704 1586 aliquatenus
733 1546 866 1572 tuetur
894 1538 1029 1573 Burm.
1062 1536 1111 1571 ad
1141 1532 1268 1586 parfes
1300 1546 1443 1571 vocato

91 1592 254 1632 Senecae
271 1595 393 1646 patris
413 1594 504 1631 loco
527 1595 716 1630 Controv.
739 1591 764 1629 l.
793 1605 826 1629 1.
857 1593 976 1642 praef.
1037 1593 1195 1635 „Nemo
1214 1590 1444 1640 (Latrone)

89 1651 206 1702 „plus
225 1651 386 1700 ingenio
409 1651 476 1697 [uo
500 1652 707 1698 imperavit,
736 1662 854 1686 nemo
874 1648 964 1697 plus
986 1648 1163 1700 ίηᾱιιζβε“
1185 1650 1279 1685 hinc
1302 1648 1444 1685 alieno.

33 1744 45 1758 ,
166 1707 275 1758 senes
294 1721 427 1757 parum
449 1709 643 1756 tragicum.
701 1706 833 1742 Turio.
852 1704 886 1755 s.
910 1719 1015 1755 quem
1034 1721 1072 1754 p.
1097 1708 1299 1746 tradit-um,
1330 1719 1351 1741 a
1373 1707 1444 1742 sec.

22 1795 27 1798 .
91 1778 146 1802 m.
169 1763 202 1813 s.
219 1765 419 1814 pindarum
441 1766 603 1802 traicum,
629 1773 666 1798 et
690 1762 894 1798 Pindar'um
916 1763 1076 1811 quidem
1099 1764 1198 1802 Jens.
1218 1764 1336 1799 Tarv.
1381 1765 1445 1799 In-

90 1811 218 1859 venit‘
233 1832 270 1857 et
296 1820 522 1870 procuravit
545 1819 762 1854 monstrum
790 1818 869 1866 jam
899 1820 1058 1869 Regius.
1081 1818 1117 1869 s.
1144 1833 1220 1855 non
1246 1834 1284 1868 p.
1317 1819 1446 1857 Guelf.

93 1891 183 1914 cum
212 1877 318 1916 Voff.
349 1885 387 1920 3.
451 1875 648 1926 Equidem
685 1887 759 1925 pro

88 1934 263 1986 quidem,-
290 1933 338 1970 cf.
362 1932 429 1982 96.
497 1972 500 1979 ,

801 1873 876 1911 illo
908 1876 1041 1913 Turio.
1075 1890 1182 1927 quem
1207 1876 1449 1926 reposuerim

803 2089 859 2116 tes
892 2079 958 2116 illi
986 2079 1187 2117 veteribus
1217 2079 1294 2116 ruis
1314 2088 1352 2116 et
1369 2080 1451 2116 ani·

802 2137 899 2171 mati
927 2136 1007 2172 fece
1038 2147 1084 2172 ut
1116 2137 1160 2177 ii,
1192 2149 1292 2184 quos
1322 2137 1453 2173 redar-

803 2192 980 2240 guendos
1026 2192 1096 2228 fibi
1146 2193 1260 2228 sumit
1296 2193 1455 2230 Horatii

804 2247 963 2296 epistola
998 2249 1154 2284 secundi
1193 2249 1289 2285 libri
1313 2250 1453 2298 prima,

805 2317 971 2352 „parum
995 2306 1186 2353 tragicum
1198 2312 1222 2328 “
1250 2306 1323 2342 effe
1349 2306 1453 2354 judi-

808 2361 943 2396 cabant
975 2363 1262 2411 Pomponium‚
1305 2364 1454 2412 quippe

157 2087 224 2129 98·
256 2079 387 2118 Ovidii
416 2077 573 2115 Medea.
626 2078 685 2115 Cf.
706 2083 745 2124 8,

101 2145 152 2182 5.
184 2137 222 2173 6.
278 2136 341 2171 De
371 2135 449 2171 hoe
479 2135 551 2170 fibi
576 2135 746 2170 nimium

99 2192 327 2241 indulgente
358 2191 406 2227 cl.
429 2194 463 2237 ς.
486 2196 551 2234 88.

160 2249 384 2297 Pomponius
403 2246 598 2283 Secundus.
630 2245 689 2282 Cf.
708 2252 745 2291 8,

102 2315 150 2352 5,
192 2314 257 2349 51.
327 2305 436 2351 Quos
475 2303 509 2338 se
547 2303 612 2339 vel
651 2301 748 2339 alios

87 2359 244 2411 ·vld[ffe,
277 2373 342 2396 eos
363 2359 510 2395 horum
539 2359 749 2408 pueritiam

100 2417 167 2456 vel
187 2416 479 2453 adolescentiam
499 2416 672 2451 vivendo
696 2426 750 2451 at-

102 2475 231 2523 tigiffe
278 2470 486 2522 fignificat,
543 2483 588 2508 ut
628 2472 749 2507 modo

103 2535 139 2580 ς.
173 2530 238 2579 96.
271 2535 365 2573 118.
409 2538 448 2574 3,
484 2541 527 2569 1,
567 2535 629 2573 ¹8·
689 2529 753 2564 Sic

0 2602 10 2611 ‘
39 2587 41 2589 ’
106 2598 147 2624 et
179 2586 278 2636 „qui
307 2599 328 2620 a
357 2585 472 2622 nobis
506 2585 651 2621 audieus
677 2582 754 2633 efi“

93 2653 205 2680 -102.
264 2643 374 2678 Senes
389 2642 513 2691 igitur
537 2652 634 2683 tum,
664 2655 754 2677 cum

108 2699 187 2749 ipse
205 2698 362 2747 juvenis
381 2698 471 2735 effet
491 2699 565 2747 Qu.
579 2724 590 2739 ,
624 2699 754 2736 faven-

807 2418 879 2466 qni
899 2417 1070 2453 nimium
1090 2419 1318 2457 concederet
1331 2421 1455 2456 nitori

808 2473 963 2509 cuidam
1012 2475 1179 2512 novitio.
1267 2476 1454 2513 Horatius

808 2531 903 2565 item
953 2533 1234 2580 comparandus
1275 2546 1372 2570 mox
1412 2533 1456 2568 iu

810 2587 983 2622 comicis
1029 2588 1270 2634 judicandis,
1325 2601 1370 2626 ut
1422 2601 1460 2626 et

811 2641 962 2679 Gellius
987 2651 1050 2687 15,
1075 2651 1138 2688 24.
1190 2646 1251 2682 Ad
1266 2645 1374 2696 senes
1391 2661 1459 2697 pa-

810 2713 889 2735 rum
927 2698 975 2735 cf.
1008 2712 1087 2737 not.
1113 2701 1196 2739 crit.
