1572 2938
309 203 366 235 ιν
720 190 1163 236 PRAEFATIO.

307 335 446 389 parte
467 339 625 388 pono,
663 324 733 370 ita
760 325 934 372 virum
953 318 1185 388 pernosse
1208 331 1360 385 atque
1383 325 1438 372 in
1462 326 1572 390 inge

309 412 386 458 nii
410 409 802 472 studiorumque
824 413 933 468 ejus
962 408 1196 455 habitum
1229 407 1500 458 insinuasse
1522 427 1572 458 m

308 495 539 552 videbar,
566 505 638 552 ut,
658 512 811 557 quam
835 495 924 541 ille
947 495 1003 540 in
1026 493 1336 556 expoliendo
1359 493 1572 561 scriptor

315 583 448 630 viam
469 578 733 635 institiffet,
752 597 861 627 eam
887 595 982 641 ego
997 577 1230 644 persequi
1244 580 1448 630 facilius
1470 589 1572 631 c‘on·

307 665 620 729 modiusque
635 663 823 729 possem
839 683 851 722 ;
874 676 938 721 et,
953 664 1141 731 quidni
1154 668 1450 732 proloquar,
1464 685 1572 731 quo.

308 762 486 816 pectus
504 752 680 811 jubet?
702 750 844 814 quod
868 762 1004 800 certo
1025 750 1257 810 sciebam,
1279 751 1449 818 ipsum
1463 754 1572 801 mih

298 837 356 893 fi.
374 836 540 885 fatum
567 834 907 903 praesagillet,
955 848 1121 903 partes
1153 839 1264 890 suas
1297 838 1567 902 tradituny

299 921 468 972 fuisse.
1548 935 1550 940 '

426 1011 777 1076 opinabamur
800 1025 993 1067 omnes,
1019 1013 1209 1075 quibus
1236 1030 1358 1066 cum
1380 1009 1572 1076 Spaldin-

312 1099 399 1162 gio
422 1099 599 1144 vivere
622 1098 917 1161 contigerat,
954 1098 1107 1146 telam
1128 1115 1248 1168 eum
1271 1100 1424 1164 plane
1447 1106 1566 1163 pern

309 1181 468 1232 :tuisse
492 1193 690 1247 praeter
704 1184 937 1247 exiguam
955 1187 1167 1234 extremi
1186 1185 1472 1235 voluminis
1500 1200 1568 1248 ΡΒ»

310 1279 428 1316 tem.
489 1272 553 1316 Et
576 1278 901 1332 pertexuerat
920 1268 1052 1328 sane,
1073 1269 1115 1318 si
1134 1271 1386 1320 summam
1408 1271 1486 1318 rei
1505 1268 1557 1334 sp

312 1365 426 1403 ctes.
504 1355 949 1404 Commentarium
981 1367 1033 1404 et
1061 1358 1295 1406 criticum
1319 1368 1370 1405 et
1395 1369 1572 1421 exege÷

311 1457 430 1490 cum
455 1441 776 1490 elaboratum
798 1444 1010 1508 reliquit
1030 1460 1197 1508 usque
1218 1443 1281 1491 acl
1301 1443 1422 1491 libri
1442 1444 1546 1491 ΧΠ.

311 1540 359 1583 5.
385 1531 424 1589 §.
452 1542 498 1587 7.
541 1532 708 1596 Quem
733 1528 862 1577 dum
891 1532 1174 1578 accuratius
1194 1528 1435 1594 inspicio,
1465 1527 1572 1576 saca

306 1614 566 1671 intellexi,
614 1614 856 1663 nondum
905 1617 1058 1664 talem
1103 1616 1164 1664 ab
1197 1615 1420 1664 auctoris
1455 1627 1572 1661 mam

307 1698 493 1758 exiisse,
507 1701 713 1764 qualem
733 1703 822 1749 ille
839 1700 1110 1751 emissurus
1125 1703 1182 1750 in
1203 1701 1475 1766 publicum
1488 1697 1547 1747 fu
1565 1700 1572 1767 ἱ1

303 1785 397 1834 set.
466 1787 684 1854 ‘Quippe
705 1797 755 1834 et
774 1786 973 1853 singula
995 1789 1163 1852 prima
1190 1786 1396 1836 fuderat
1420 1796 1538 1834 man

313 1883 390 1920 tot
414 1875 622 1922 mutatis
642 1874 957 1938 additisque,
993 1884 1053 1922 ut
1073 1872 1172 1922 nisi
1191 1872 1522 1937 diligentiore
1554 1894 1558 1910 ι

306 1960 447 2008 lamo
470 1970 665 2007 exarata
690 1959 992 2026 typothetae
1020 1959 1153 2008 tradi
1183 1975 1293 2008 non
1319 1955 1532 2022 poffent',

305 2047 496 2094 multas
511 2044 981 2094 animadversiones
999 2056 1060 2095 ut
1079 2045 1343 2094 inchoatas
1360 2053 1410 2091 et
1425 2043 1543 2107 imp-

305 2131 460 2180 fectas
493 2141 760 2180 notaverat
783 2131 1111 2196 Spaldingius
1141 2129 1274 2196 ipse,
1314 2145 1423 2178 non
1452 2142 1535 2192 pm

306 2217 532 2279 denique
567 2227 764 2265 textum
798 2228 848 2266 et
877 2227 1179 2282 apparatum
1203 2215 1441 2263 criticum
1470 2227 1539 2260 co·-

302 2305 502 2367 paranti
541 2303 880 2351 ocem-rebant
912 2301 1195 2362 ejusmodi,
1252 2315 1385 2366 quae
1418 2299 1538 2345 iteri:

299 2388 522 2437 scribens
553 2386 858 2436 emendasset
886 2389 971 2436 vir
990 2389 1228 2437 omnium
1248 2401 1439 2452 prope,
1477 2392 1533 2444 qt

298 2475 567 2531 novimus,
607 2473 1016 2522 accuratiffimus.
1080 2478 1217 2522 Haec
1240 2463 1530 2538 igitur-dest

297 2559 473 2616 bendi‚
512 2559 821 2624 perficiendi
841 2559 1261 2625 emendandique
1283 2566 1531 2622 operante

297 2644 635 2710 susceperam,
674 2656 748 2702 et,
786 2662 896 2710 quo
916 2646 973 2693 iu
996 2661 1154 2715 opere
1183 2642 1491 2712 primarium
1506 2637 1524 2690 ,ἰ
