1676 3028
294 289 391 337 458
605 280 680 325 Μ.
714 271 843 326 FAB.
881 279 1283 340 QUINTILIANI
1343 289 1346 292 ’

294 401 360 451 fit
371 401 473 457 hoc
496 403 554 451 in
577 402 732 451 rebus
752 403 1083 451 minoribus:
1114 412 1164 450 et
1185 403 1346 452 iidem
1365 404 1593 470 impetus

297 479 512 526 actionis
545 475 641 525 effe
673 495 782 527 non
817 476 1050 543 possunt,
1097 488 1147 525 et
1175 477 1426 542 quaedam
1463 479 1594 527 vitia

220 564 285 600 25⁵
298 551 430 600 fiunt
448 550 747 601 necessaria·
778 555 916 601 Nam
937 564 987 603 et
1004 553 1180 601 dexter
1195 550 1284 618 pes
1304 570 1331 600 a
1348 553 1491 603 laeva
1511 557 1595 615 iu-

292 626 420 675 dicis
441 625 638 675 sedenti
656 627 999 692 proferendus
1019 627 1105 685 est,
1125 638 1175 676 et
1195 644 1258 676 ex
1277 620 1594 693 altera'p'arte

289 702 447 749 multi
478 701 645 766 gestus
678 702 870 751 necesse
895 702 967 752 est
988 706 1044 752 in
1076 701 1494 761 sinistrumeant,
1531 713 1594 752 ut

291 776 354 824 ad
376 776 602 837 judicem
637 778 875 844 spectent.
952 777 1210 844 Equidem
1237 779 1518 844 plerosque·
1543 788 1596 825 et

290 851 355 899 ad
381 851 606 916 singulas
640 853 1010 903 sententiarum
1051 853 1300 903 clausulas
1332 853 1490 903 video
1523 851 1598 900 as-

287 925 572 991 surgentes,
607 940 658 976 et
677 931 963 979 nonnullos
983 928 1202 978 subinde
1222 928 1423 994 aliquid
1443 928 1598 976 etiam

286 999 586 1066 spatiantes:
615 1004 760 1067 quod
778 1022 843 1053 an
865 1005 1056 1062 deceat,
1070 1003 1168 1069 ipsi
1188 1004 1447 1053 viderint:
1475 1019 1597 1057 cum

215 1076 348 1141 356id
367 1076 592 1136 faciunt,
625 1096 735 1129 non
762 1078 995 1129 sedentes
1023 1089 1196 1144 agunt.
1270 1077 1476 1136 Bibere,
1509 1087 1598 1126 aut

375 1257 467 1295 155.
516 1250 672 1300 sedenti.
714 1253 839 1289 Guelf.
872 1253 1002 1301 Camp.
1035 1251 1197 1300 sedentis
1235 1264 1321 1288 cum
1353 1252 1468 1288 Goth.
1501 1251 1600 1290 Jens.

286 1309 378 1352 (err.
411 1306 539 1354 Gesn.)
571 1317 608 1342 et
637 1307 721 1342 edd.
751 1318 835 1343 ante
867 1310 996 1343 Burm.
1029 1319 1108 1342 exo.
1142 1309 1262 1343 Stoer.
1295 1307 1456 1343 Chouet.
1493 1307 1604 1342 Leid-

287 1362 361 1397 Sed
392 1362 476 1409 Bip.
508 1363 650 1397 iterum
671 1361 844 1410 sedentis.
913 1363 1131 1399 Nobiscum
1163 1357 1308 1398 flciuut
1337 1362 1465 1398 Turio.
1496 1361 1599 1397 Flor.

285 1416 418 1453 Ambr.
451 1422 487 1452 2.
557 1417 682 1454 Verba
723 1427 759 1453 ec
797 1431 841 1453 ex
877 1419 996 1453 altera
1035 1437 1091 1446 -—
1131 1416 1265 1467 nec-effe
1295 1415 1346 1465 efi
1383 1418 1514 1454 absunt
1552 1417 1598 1453 ab

285 1471 419 1506 Ambr.
455 1481 490 1507 2.
521 1472 647 1507 Guelf.
669 1483 714 1507 ut
734 1483 770 1508 et
794 1474 896 1511 Vols.
922 1487 955 1508 1.
979 1481 1015 1515 5.
1028 1469 1214 1520 sinistrum
1242 1482 1346 1509 erant
1373 1473 1475 1509 Flor.
1503 1473 1599 1507 clau-

277 1524 384 1574 sulas
402 1525 665 1573 sententiarum
681 1527 810 1562 Turio.
831 1527 933 1562 Flor.
956 1527 1080 1562 Guelf.
1103 1526 1220 1561 Goth.
1240 1529 1337 1565 Jens.
1363 1531 1451 1572 (tac.
1471 1527 1599 1568 Gesn.)

286 1593 376 1614 cum
393 1581 476 1616 edd.
502 1592 587 1616 ante
607 1582 756 1630 Gryph.
780 1582 886 1630 quod
908 1581 1029 1630 placet
1057 1581 1107 1616 ob
1127 1581 1321 1618 insuavem
1342 1583 1482 1619 veteris
1505 1583 1597 1618 stru-

285 1644 413 1670 cturae
430 1637 579 1671 sonum.
797 1635 1027 1685 affurgentes,
1059 1645 1104 1671 et.
1138 1636 1200 1671 Sic
1217 1638 1317 1673 Alm.
1349 1636 1546 1687 affurgenti
1566 1634 1600 1694 J
1615 1640 1618 1644 ⁸

287 1699 324 1724 ec
351 1690 454 1725 Flor.
483 1689 691 1738 adsurgenti
702 1690 790 1739 sunt
811 1701 846 1726 et
865 1693 996 1728 Turio.
1026 1691 1183 1738 Reliqui
1203 1691 1423 1741 affurgences
1445 1692 1522 1741 sibi
1549 1703 1598 1729 et.

286 1746 463 1792 Apparet,
489 1758 566 1792 quo
589 1758 718 1779 erroro
739 1756 868 1781 natum
889 1746 1056 1781 alienum
1068 1746 1177 1784 1istud
1197 1748 1368 1794 primum
1380 1747 1480 1795 sunt,
1505 1760 1600 1785 mox

278 1799 366 1848 fibi.
1169 1809 1172 1813 ’

369 1864 459 1908 156.
489 1866 630 1902 Bibere.
658 1865 760 1903 Flor.
783 1869 915 1904 vivere.
957 1868 1003 1903 cf.
1037 1877 1075 1910 7,
1104 1876 1148 1907 2,
1179 1872 1244 1913 48.
1280 1866 1446 1914 proferre
1473 1867 1600 1906 Guelf.

281 1919 376 1956 Exc.
407 1922 556 1956 Santcn.
591 1924 713 1967 potius
750 1937 858 1971 quam
887 1937 931 1958 m.
964 1936 1073 1969 quam
1098 1922 1229 1958 Turic.
1266 1921 1369 1957 Flor.
1396 1924 1521 1970 potius
1547 1937 1596 1959 m.

283 1988 392 2022 quam
411 1974 537 2012 Guelf.
561 1985 596 2012 ec
616 1977 799 2019 contin-uo
822 1978 966 2013 omittit
987 1979 1118 2027 Camp.
1139 1986 1352 2027 conceptum
1371 1977 1487 2014 Goth.
1509 1981 1600 2024 (tac.

283 2029 416 2074 Gefn.)

345 2189 434 2227 135.
455 2184 579 2229 dexter
588 2186 912 2236 pes—proferen-
970 2199 1007 2224 et
1018 2189 1193 2236 proxima
1206 2187 1256 2222 sic
1275 2187 1484 2239 pefingere:
1513 2201 1600 2224 num

283 2237 351 2272 dus
368 2237 431 2286 efi.
468 2242 555 2276 Hoc
576 2241 745 2278 deforme
769 2243 840 2283 effe
858 2243 913 2278 di·
961 2243 1131 2293 sedentes
1161 2246 1305 2289 agant?
1349 2243 1598 2284 Subauditur,

286 2294 393 2329 nebat
420 2295 451 2338 §.
483 2305 571 2339 124.
709 2321 713 2324 ,
970 2309 1006 2334 et
1018 2297 1319 2334 commodissime
1332 2298 1508 2346 quidem:
1529 2298 1599 2339 „id

339 2347 458 2396 gestus
471 2370 530 2384 μ-
552 2353 589 2386 ἰη
601 2349 788 2400 sinistrum
816 2364 910 2396 eant,
966 2353 1120 2394 „saltem
1139 2351 1262 2392 teneo,
1288 2366 1528 2401 nequaquam
1546 2354 1597 2387 se·

285 2414 416 2439 contra
433 2418 675 2455 praeceptum
697 2412 730 2454 §.
765 2415 852 2451 ιιιὶ.
969 2409 1126 2450 „dentes
1151 2419 1213 2442 eos
1233 2420 1353 2455 agere,
1375 2421 1462 2443 cum
1483 2406 1525 2440 id
1543 2407 1595 2442 sa-

339 2459 762 2510 aliquid—spatiantes.
786 2464 914 2500 Simili
967 2464 1143 2504 ,‚c'1unt.·‘
1197 2462 1310 2508 Quod
1329 2461 1504 2510 expreffit
1525 2463 1597 2497 Ge·-

284 2512 354 2547 usu
379 2515 519 2563 aliquid
543 2518 669 2564 posuit
699 2529 734 2557 2,
763 2531 823 2559 ιο,
851 2533 908 2555 ιο.
971 2518 1133 2566 doynus.

281 2580 354 2615 „pa
362 2569 509 2605 ululum
521 2573 660 2619 aliquid
668 2572 881 2610 inclamare.
891 2581 914 2596 ‘⁶
1580 2610 1581 2613 ,

341 2623 410 2671 ipsi
436 2627 618 2662 viderint:
653 2641 741 2662 cum.
801 2630 914 2664 Nihil
1025 2629 1111 2671 136.
1153 2626 1458 2674 Bibere—absit.
1501 2628 1598 2664 Tan-

282 2676 350 2712 hic
379 2680 639 2722 difficultatis,
667 2696 781 2730 quate
820 2686 914 2720 inse·
973 2694 1028 2719 tae
1049 2683 1259 2718 dementiae
1282 2682 1500 2730 exemplum
1528 2684 1599 2720 fibi

283 2743 368 2768 rere
387 2734 483 2770 velis
512 2745 548 2771 et
565 2750 654 2772 cum
678 2740 912 2780 Burmanno,
970 2739 1043 2786 ipsi
1085 2737 1256 2774 oblatum
1295 2737 1340 2772 in
1375 2738 1518 2787 templo
1557 2741 1593 2774 S.
