1676 3028
333 168 497 214 mser.
533 167 813 215 omi-on
850 166 972 220 Lm.
1009 167 1121 225 ΧΠ,
1154 177 1200 222 5.
1341 177 1436 229 549

105 293 542 346 utsabominanda
578 293 990 344 sunt'contraria
1031 293 1116 342 his
1153 294 1282 343 vitia
1313 313 1440 345 con-

72 363 378 430 ‘fidentiaffi
417 372 742 430 temeritatis,
783 371 1151 437 improbitatis,
1191 387 1438 436 arrogan-

105 449 233 498 tiae:
308 450 380 497 ita
420 450 547 497 citra
587 447 954 508 constantiam,
988 446 1272 506 fiduciam,
1324 447 1438 498 for-

103 524 415 583 titudinem,
464 526 604 575 nihil
627 543 751 584 ars,
800 525 941 574 nihil
979 523 1243 584 studium,
1296 525 1439 586 nihil

90 601 374 668 profectus
408 601 519 670 ipse
548 600 839 669 profuerit:
918 613 980 653 ut
1004 601 1046 651 fi
1080 599 1172 652 des
1205 619 1346 652 arma
1371 603 1439 651 ti-

101 679 261 730 midis
296 689 348 728 et
380 679 700 732 imbellibus.
777 681 983 730 Invitus
1000 679 1320 729 'mehercule
1355 678 1438 728 di-

99 773 186 814 co,
233 757 490 820 quoniam
531 767 583 805 et
626 757 776 806 aliter
820 757 984 824 accipi
1022 755 1218 823 potest,
1271 754 1438 822 ipsam

39 853 58 887 ·;
94 832 474 891 verecundiam
487 869 502 894 ,
541 833 737 898 vitium
777 833 998 901 quidem
1015 872 1030 893 ,
1069 832 1160 883 sed.
1195 834 1436 893 amabile,

210 1038 248 1066 2.
269 1029 462 1079 fidentiae
489 1031 595 1070 Voss.
626 1040 663 1075 5.
696 1027 866 1081 ΡεΠίωεζ
928 1032 1185 1081 improbabitz’s
1212 1030 1317 1068 Flor.
1377 1032 1436 1067 ηἰ-

93 1087 151 1124 hil
175 1095 271 1123 artes
299 1087 402 1124 Flor.
433 1090 670 1137 (quanquam
704 1101 751 1124 ex
780 1089 857 1125 hoc
888 1087 1011 1137 arter)
1053 1089 1186 1125 Ambr.
1220 1099 1255 1123 2.
1299 1087 1429 1124 Guelf-

95 1144 215 1198 fioth.
275 1143 468 1193 profuerat
494 1144 627 1181 Turio.
660 1145 764 1181 Flor.
816 1144 936 1194 fuerit
963 1146 1098 1182 Ambr.
1114 1157 1150 1181 2.
1172 1143 1297 1181 Guelf.
1321 1143 1431 1192 quod.

96 1213 188 1236 cave
218 1201 399 1250 arripias:
430 1213 520 1237 nam
545 1202 713 1250 figuram
743 1202 814 1238 effe
843 1202 885 1238 in
915 1201 977 1238 his
1004 1201 1192 1253 profectus
1222 1200 1314 1236 nihil
1341 1213 1431 1249 pro-

91 1255 208 1303 fuerit
235 1256 347 1292 facile
377 1258 521 1298 sentias,
555 1268 593 1293 et
622 1258 822 1294 annotavit
851 1258 941 1295 Bad.
990 1259 1144 1295 bellibus
1173 1257 1304 1298 Turic-

211 1313 422 1349 mehercule.
481 1314 543 1349 Sic
574 1313 705 1364 Camp.
749 1325 786 1350 et
824 1312 910 1350 edd.
951 1316 1025 1360 (de
1052 1315 1148 1353 Jens.
1193 1325 1261 1348 tac.
1295 1313 1429 1356 Gesn.)

94 1368 175 1404 mei
206 1368 364 1418 quidem
397 1381 481 1406 ante
511 1370 621 1406 Rusc.
688 1384 743 1406 me
783 1371 941 1406 hercules
979 1371 1110 1407 Turio.
1150 1369 1253 1405 Flor.
1297 1369 1429 1405 Guelf.

95 1425 226 1460 Ceteri
254 1426 440 1460 mehercle.
485 1426 571 1462 Nos
604 1427 710 1475 quod
739 1427 940 1476 posuimus
969 1426 1195 1463 constantiae
1228 1426 1431 1462 dedimus:

46 1528 65 1530 Η
92 1492 182 1516 nam
211 1481 294 1518 vid.
323 1480 450 1536 Spald.
482 1482 530 1517 ad
561 1482 598 1523 6,
631 1491 669 1527 5„
702 1489 767 1527 74.
883 1485 1028 1533 quidem
1057 1482 1219 1519 amabile
1249 1483 1352 1522 Voff.
1388 1490 1428 1527 5.

149 1649 188 1684 z.
219 1637 664 1690 profectus—profuerit
692 1653 731 1677 v.

89 1695 173 1733 hot.
201 1696 287 1732 crit.

93 1747 97 1799 ζ
143 1747 274 1788 vitiam
296 1753 452 1801 quidem,
468 1750 538 1802 sed
557 1752 729 1789 amabile.

89 1806 195 1843 Haec
214 1807 424 1844 verborum
445 1810 637 1855 junctura,
658 1822 732 1856 qua

91 1864 379 1900 commendatio
394 1864 487 1900 vitii
506 1877 575 1914 per
586 1863 658 1915 sed
669 1865 732 1900 ad-

89 1920 238 1968 jicitur,
258 1921 403 1956 causam
426 1920 567 1962 reddit,
590 1932 658 1956 cur
680 1923 734 1956 in·

90 1973 189 2022 vitus
208 1975 310 2012 illud
331 1976 496 2013 damnet.
514 1977 630 2024 Quod
641 1977 732 2014 ideo

91 2045 256 2075 moneo,
287 2046 335 2068 ne
367 2033 454 2082 quis
489 2033 733 2070 omill'ionem

91 2088 306 2138 Particulae'
323 2088 396 2138 sed
419 2089 462 2125 in
493 2102 573 2126 uno
601 2089 733 2126 codiee

93 2146 254 2194 arripiat
283 2145 331 2180 ad
358 2145 464 2181 hunc
493 2146 638 2182 sensum
670 2159 734 2182 ex-

94 2201 359 2238 tundendum:
418 2202 619 2244 ..amabile
650 2203 734 2251 qui-

93 2258 212 2300 „dem
240 2258 401 2300 vitium,
429 2269 467 2294 et
491 2271 587 2308 quae
609 2259 734 2296 virtu-

92 2325 178 2355 „tes
198 2325 366 2362 generet,
398 2314 470 2351 effe
488 2326 614 2360 tamen
633 2316 735 2351 inter

89 2370 318 2413 „adversa.“
372 2368 467 2408 Non
486 2381 588 2408 recte
608 2382 736 2408 autem

90 2426 249 2476 docent,
280 2427 350 2476 qni
369 2428 563 2477 duplicem
587 2429 658 2464 effe
670 2441 735 2463 ve-

93 2477 320 2521 xoeundiam
350 2484 541 2525 statuunt,
571 2497 735 2533 quarum

90 2537 253 2581 ,alteram
276 2549 424 2576 tantum
453 2541 520 2576 hic
537 2542 736 2590 vituperet

99 2593 170 2641 Qu.
183 2595 284 2630 Nam
296 2597 325 2631 fi
343 2597 396 2632 ita
414 2597 516 2638 effet,
537 2608 638 2633 certe
655 2609 736 2632 non

98 2648 196 2686 hanc
213 2654 386 2699 uirtutum
405 2655 616 2701 genitricem
630 2652 738 2703 prae·

790 1654 870 1677 non
901 1641 1157 1689 distinguam
1218 1640 1279 1676 sed
1312 1639 1354 1675 in
1385 1651 1433 1676 eo

788 1697 977 1747 paradoxi
1006 1692 1174 1744 ‘aliquid
1227 1708 1433 1745 quaerere,

791 1754 899 1802 quod
918 1754 1192 1789 verecundiam
1206 1754 1284 1788 sine
1298 1752 1432 1788 discri-

789 1809 895 1847 mine
922 1802 1067 1849 vitium
1090 1811 1161 1845 effe
1181 1808 1430 1858 pronuntiat:
1461 1833 1466 1837 -

789 1866 832 1901 id
851 1865 956 1901 haud
977 1864 1094 1901 dubie
1116 1867 1294 1914 spectans,
1322 1863 1432 1912 quod.

791 1935 873 1958 non
902 1921 949 1957 fit
977 1933 1046 1956 cur
1067 1929 1236 1958 vereatur
1258 1932 1433 1968 unquam

790 1978 1015 2016 virbonus:
1047 1979 1192 2014 vitium
1212 1977 1348 2026 igitur.
1370 1975 1432 2012 [ed

792 2034 901 2084 quod
934 2046 980 2071 eo
1018 2035 1178 2072 nomine
1223 2033 1377 2070 veniam
1412 2044 1435 2067 a.

783 2091 1028 2141 sapientibus
1076 2091 1190 2128 etiam
1236 2090 1434 2138 impetret,

792 2148 899 2197 quod
921 2147 1123 2190 homines,
1152 2145 1340 2183 vitiosum
1367 2157 1434 2193 ge·

791 2218 890 2246 nus,
930 2218 950 2240 a
978 2205 1179 2254 pejoribus
1209 2202 1315 2238 haud
1344 2213 1434 2236 raro

792 2260 975 2302 abducat,
1007 2272 1045 2297 et
1072 2261 1142 2297 fiat
1173 2259 1277 2309 quasi
1297 2259 1360 2295 via
1386 2255 1435 2292 ad

790 2318 887 2366 ipsas
906 2317 1083 2354 virtutes.
1113 2319 1170 2352 Ita
1189 2326 1226 2352 et
1243 2315 1340 2352 alibi
1356 2313 1430 2354 ho-

791 2373 895 2410 nesto
928 2372 1017 2410 loco
1047 2371 1322 2411 verecundiam
1352 2382 1429 2406 me-

792 2441 920 2466 morat
952 2431 1050 2475 (vid.
1086 2436 1122 2474 4.
1156 2440 1192 2470 2,
1224 2434 1290 2474 88.
1321 2427 1359 2469 6,
1389 2433 1430 2471 5,

795 2486 859 2529 64.
891 2487 937 2522 it·
967 2485 1204 2522 verecundior
1238 2491 1274 2529 4,
1299 2493 1337 2525 2,
1369 2483 1432 2528 8.)

794 2552 832 2578 et
850 2542 917 2578 hic
934 2556 1005 2592 per
1026 2554 1247 2591 oxymoron
1274 2538 1433 2577 amabile

792 2599 924 2634 vitium
953 2599 1079 2640 dieit‚‘
1115 2598 1178 2634 sed
1204 2598 1348 2634 vitium
1378 2606 1432 2630 ta-

793 2668 896 2697 men,
909 2655 975 2690 cui
993 2655 1247 2692 obnitendum
1265 2654 1324 2695 fit,
1337 2663 1435 2703 quo·

26 2731 31 2734 -
102 2704 255 2744 dicaret.
313 2710 484 2760 Apparet
503 2709 626 2759 igitur
650 2721 740 2746 eum
797 2711 871 2748 ties
892 2711 939 2751 ab
960 2711 1128 2750 honestis
1152 2711 1322 2748 reducat.
