1676 3028
253 248 280 292 3
287 246 349 291 50
563 236 636 282 M.
673 238 807 283 ΕΑΒ.
844 235 1259 299 QUINTILIANI,

250 375 376 418 canl,
400 351 557 432 saim,
591 361 649 408 id
671 360 766 416 est,
804 362 1016 409 nullum
1039 378 1238 421 eorum,
1274 364 1340 413 de
1363 366 1557 430 quibus

248 436 409 486 modo
449 437 629 492 retuli,
662 437 887 498 patietur
907 438 1332 488 incommodum:
1368 441 1559 490 deinde

247 529 358 560 non
370 528 372 534 ·
376 507 563 582 surda,
606 511 762 567 rudis,
800 514 1043 568 immanis,
1072 513 1218 570 dura,
1249 518 1435 582 rigida,
1461 534 1558 565 va-

247 604 344 644 na,
379 588 742 653 praepinguis,
783 597 871 636 aut
914 590 1100 645 tenuis,
1137 592 1323 647 inanis,
1360 589 1557 649 acerba,

245 751 492 798 (quanquam
514 757 560 784 ex
579 744 656 784 hoc
669 743 707 796 si
727 747 770 784 ab
791 746 907 784 initio
926 763 1004 785 non
1022 760 1267 792 memoratur,
1279 763 1348 798 per
1367 745 1558 785 incuriam

242 808 369 853 puto)
398 805 530 840 Ambr.
564 813 599 839 2.
641 805 767 839 Guelf.
793 806 923 854 Camp.
949 806 1065 841 Goth.
1086 807 1182 844 Jens.
1209 806 1296 850 (tac.
1319 805 1449 852 Gesn.)
1469 817 1579 843 cum·

244 859 356 896 Bodl.
381 863 514 894 Ioann.
538 859 638 895 Alm.
659 861 762 896 Voff.
788 871 824 895 2.
849 869 884 903 3.
905 863 1018 896 Bern.
1041 872 1077 897 et
1097 861 1179 897 edd.
1203 872 1286 896 ante
1305 860 1451 908 Gryph.
1483 862 1558 896 Re·

243 913 346 963 liqui
361 914 415 964 sit
437 917 460 950 ι’.
486 929 521 950 υ.
545 929 582 962 p.
615 924 667 956 uc,
699 916 831 950 omiffo
857 915 986 963 fuerit.
1009 918 1127 964 Cujus
1156 916 1357 964 scripturae
1383 915 1558 951 vindices

243 982 444 1006 narrantur
472 971 574 1007 Voss'.
605 985 638 1005 1.
670 972 787 1006 Andr.
818 971 918 1006 Sich.
950 973 1003 1007 ita
1031 983 1154 1008 tamen
1174 983 1218 1008 ut
1227 970 1265 1019 st
1283 971 1456 1011 habeant,
1477 983 1559 1006 non

236 1025 300 1074 sit.
353 1027 451 1062 Mox
466 1039 538 1073 pro
550 1025 606 1074 sic
626 1027 753 1062 Turic.
780 1029 910 1074 Camp.
926 1026 974 1075 si.
1217 1028 1324 1061 modo
1345 1026 1463 1061 retuli.
1493 1026 1557 1060 Sic

245 1082 376 1116 Turic.
407 1080 509 1115 Flor.
547 1083 675 1117 Ambr.
699 1092 734 1116 2.
769 1084 897 1129 Camp.
919 1095 1006 1117 cum
1023 1081 1123 1118 Alm.
1143 1081 1254 1117 Bodl.
1278 1083 1379 1119 Voss'.
1408 1094 1442 1126 ιε
1461 1089 1497 1124 3.
1521 1093 1558 1118 et

244 1136 328 1171 edd.
349 1136 440 1171 inde
460 1138 620 1172 aBm-m.
647 1148 724 1172 exc.
741 1138 899 1185 Capper.
922 1138 954 1174 is
977 1138 1079 1173 enim
1098 1137 1297 1172 revocavit
1314 1136 1557 1184 reliquorum

243 1205 335 1226 nunc
356 1193 453 1230 dixi,
484 1193 574 1227 artis
594 1191 745 1228 criticae
764 1204 800 1227 et
821 1191 1027 1240 eloquendi
1044 1192 1286 1240 peritissimus
1306 1190 1438 1227 11011'10.
1482 1194 1557 1242 Ap-

242 1258 362 1294 paret,
378 1246 446 1294 qui
455 1246 528 1282 sint
536 1248 698 1284 viliores
710 1248 830 1282 Codd.
848 1247 973 1289 (velut
984 1247 1108 1284 Guelf.
1122 1246 1220 1284 vall.
1234 1247 1351 1283 Goth.
1366 1245 1468 1284 Voss'.
1484 1250 1556 1295 2.),

239 1301 305 1336 hio
330 1302 458 1336 saltem
483 1301 692 1338 meliorum
722 1303 905 1349 scriptura
931 1303 1106 1337 medente
1135 1303 1235 1337 vitio
1266 1301 1328 1336 illi
1347 1302 1464 1337 nimis
1485 1301 1558 1337 fre·

240 1357 375 1404 quenti
400 1357 441 1391 in
471 1358 621 1398 nostro,
654 1371 741 1392 cum
763 1357 880 1392 modo
903 1357 1029 1393 fuiffet
1050 1357 1111 1407 (ᾗ.
1137 1358 1234 1400 51.)
1256 1357 1301 1391 de
1321 1357 1448 1405 quibus
1467 1357 1558 1395 dixi,

240 1411 357 1447 ethic
377 1421 417 1446 ut
429 1410 485 1459 fic
504 1413 633 1449 dicam.
861 1415 1034 1461 patietur.
1066 1413 1128 1448 Sic
1146 1413 1276 1448 Turio.
1298 1413 1400 1449 Flor.
1421 1414 1553 1450 Ambr-

239 1475 276 1501 Ω.
312 1467 438 1502 Guelf.
466 1468 597 1516 Camp.
620 1468 736 1504 Goth.
761 1469 858 1506 Jens.
883 1467 970 1514 (tac.
994 1469 1123 1514 Gesn.)
1148 1478 1236 1503 cum
1261 1469 1363 1508 Voss'.
1390 1480 1423 1503 ι.
1449 1478 1484 1513 ᾳ.
1514 1477 1552 1512 3.

237 1524 350 1557 Bern.
383 1533 421 1556 et
454 1522 537 1556 edd.
569 1534 653 1557 ante
685 1523 831 1569 Gryph.
867 1523 1024 1570 Reliqui
1039 1524 1214 1575 patiatur.
1425 1522 1555 1572 surda.

239 1577 301 1612 Sic
331 1577 459 1611 Turio.
491 1576 594 1612 Flor.
626 1590 715 1613 cum
741 1577 842 1612 Alm.
882 1576 1040 1625 Reliqui
1058 1575 1248 1625 subsurda.
1295 1574 1396 1612 Mox
1421 1578 1551 1614 Turic-

924 1732 1066 1754 caecum
1089 1719 1230 1755 dicitur
1249 1718 1354 1768 quod
1376 1709 1554 1770 ndnffipe·

925 1784 1058 1810 ctatur.
1131 1775 1301 1822 Simplex
1343 1778 1553 1824 composito

235 1719 446 1757 Referenda
475 1717 568 1755 haec
589 1719 674 1755 sunt
695 1732 752 1758 eo,
783 1719 868 1766 qui-

234 1774 306 1814 bus
332 1775 367 1818 §-
391 1784 455 1817 30.
497 1788 593 1822 opus
619 1776 688 1809 effe
719 1775 867 1809 diceba·

234 1840 316 1869 tur,
374 1840 417 1864 ut
450 1831 719 1877 pronunciatio
758 1830 866 1864 vitiis
924 1829 1099 1876 praetuli,
1126 1841 1272 1877 praeter
1292 1832 1555 1867 auctoritatem

235 1897 397 1925 careret,
431 1898 674 1933 quorumque
697 1898 767 1932 ope
788 1886 867 1919 exi·

234 1940 344 1976 steret
365 1941 476 1978 illud,
495 1941 598 1987 quod
619 1941 766 1976 Ennius
779 1952 866 1987 pro-

234 1995 309 2030 bat.
363 1996 490 2034 Verba
527 2007 654 2031 autem
679 1995 799 2043 fuerit
830 2005 866 2029 et

232 2053 394 2098 patietur
421 2051 493 2086 sibi
523 2051 691 2088 invicem
716 2052 866 2098 respon·

231 2106 344 2147 dent,
386 2118 590 2154 utrumque
619 2107 741 2142 futuri
771 2117 865 2141 tem-

231 2161 351 2207 poris.
420 2165 467 2197 In
505 2164 682 2210 patiendo
713 2162 779 2196 ille
818 2161 866 2196 est

232 2216 485 2258 Graecismus,
525 2219 570 2253 de
604 2230 681 2266 quo
715 2218 862 2264 egimus

230 2270 278 2305 ad
301 2284 334 2312 1,
357 2282 391 2312 2,
418 2282 485 2315 51.
509 2286 724 2320 quanquam
748 2272 874 2308 de1·e-'

231 2325 303 2361 bus
327 2327 490 2375 ingratis
516 2329 634 2363 modo
655 2330 866 2375 usurpatus.

228 2401 231 2405 ν
283 2381 411 2429 surda.
438 2385 522 2418 Hoc
534 2384 640 2419 vocis
654 2385 866 2432 appositum

233 2435 328 2472 alibi
347 2451 426 2473 non
445 2438 599 2486 legitur,
630 2451 672 2475 ut
689 2452 758 2474 nec
778 2437 867 2473 alte-

232 2504 333 2533 rum,
366 2494 470 2540 quod
491 2494 556 2528 hic
579 2494 773 2542 plerique,
806 2494 866 2528 sed

231 2548 484 2589 recentiores,
526 2550 619 2585 libri
647 2550 867 2598 praeferunt

227 2600 416 2650 subsurda.
447 2605 643 2640 Facillima
663 2618 786 2641 tamen
809 2605 867 2638 in-

235 2656 388 2692 tellectu
401 2661 582 2696 vocabuli
591 2662 762 2709 potestas,
772 2673 867 2706 quae

228 2725 315 2747 non·
332 2713 477 2748 recedit
498 2718 543 2752 ab
565 2717 643 2758 ina.
664 2728 732 2765 per
753 2727 866 2763 quam

909 1894 1096 1919 veterum
1111 1886 1314 1926 librorum,
1335 1899 1380 1921 eo
1401 1899 1555 1934 quoque

924 1939 1028 1985 quod
1046 1941 1149 1975 nihil
1168 1940 1233 1976 hic
1253 1941 1293 1974 in
1314 1941 1421 1976 vocis
1435 1941 1555 1976 malae

923 1994 1120 2042 vituperio
1161 2007 1238 2031 erat
1276 1996 1552 2043 mitigandum,

923 2058 966 2083 ut
1001 2063 1071 2084 nec
1099 2050 1268 2098 reliqua,
1317 2064 1412 2098 quae
1438 2051 1554 2097 subji-

923 2104 1100 2147 ciuntur,
1141 2105 1305 2142 leniores
1327 2106 1468 2141 habent
1490 2119 1554 2154 ap-

921 2159 1160 2207 pellationes.
1226 2164 1338 2196 Recte
1367 2161 1552 2197 Gesnerus

921 2215 1044 2250 utitur
1067 2216 1155 2251 loco
1176 2216 1370 2251 Ciceronis
1385 2217 1429 2251 de
1443 2216 1551 2253 Orat.

923 2279 960 2313 5,
982 2283 994 2303 ι
1008 2284 1038 2306 1.
1059 2285 1131 2306 vox
1152 2271 1289 2319 absona
1309 2281 1417 2318 atque
1432 2270 1551 2319 absur-

922 2326 980 2360 da.
997 2326 1166 2374 Alioqui,
1180 2339 1265 2361 cum
1278 2326 1457 2375 subrauca
1470 2327 1550 2364 Cic.

921 2383 1028 2415 Brut.
1047 2390 1121 2425 58„
1145 2383 1282 2429 quidni
1296 2381 1474 2430 subsurda
1492 2380 1552 2416 di·

923 2446 977 2470 cta
991 2436 1136 2472 fuerit?
1162 2447 1199 2472 et
1214 2437 1439 2485 Julgalgsurda
1449 2436 1549 2470 vidi-

922 2504 1008 2527 mus
1023 2492 1056 2530 6,
1071 2493 1193 2539 5,'99,
1215 2494 1272 2527 sed
1286 2505 1360 2526 non
1379 2491 1425 2524 de
1441 2504 1550 2527 voce.

975 2562 1072 2582 vana
1101 2560 1180 2582 vox
1205 2547 1326 2594 qualis
1350 2545 1416 2583 fit,
1444 2545 1551 2590 juxta

922 2616 1010 2638 cum
1050 2605 1268 2637 Eua-manno
1306 2601 1468 2649 ignoro,
1514 2611 1551 2637 et

921 2670 1056 2694 verum
1085 2657 1197 2691 credo
1231 2657 1333 2704 quod
1365 2669 1549 2703 reponere

921 2713 1018 2750 velit
1036 2712 1125 2761 ipse,
1146 2710 1260 2759 vasta,
1273 2712 1336 2747 cui
1356 2716 1553 2748 commenss'
