1676 3028
283 225 379 271 330
592 216 665 263 M.
698 218 828 263 ΕΑΒ.
860 218 1264 280 QUINTILIANI

279 346 369 385 tur
398 338 638 403 accipere.
700 341 943 405 Namque
972 344 1210 391 actionem
1243 345 1425 396 Cicero
1458 348 1580 397 alias

277 408 429 482 quast
449 409 759 484 sermonem,
806 417 926 464 alias
966 417 1295 481 eloquentiam
1327 424 1581 486 quandam

277 492 502 551 corporis
532 490 669 538 dicit.
731 490 874 539 Idem
908 502 1079 541 tamen
1114 491 1240 540 duas
1276 495 1387 554 ejus
1413 509 1580 562 partes

273 561 420 620 facit,
461 581 591 627 quae
611 565 728 614 sunt
753 566 959 615 eaedem
985 568 1457 632 pronunciationis'⁹
1489 591 1581 622 vo-

278 655 383 687 cem
405 648 557 703 atque
578 651 775 690 motum.
827 645 1151 708 Quapropter
1171 652 1390 708 utraque
1408 649 1583 712 appel-

233 712 474 762 alatione
507 712 863 765 indifferenter
894 718 972 764 uti
999 718 1130 784 licet.¹
1207 719 1375 767 Habet
1410 731 1583 770 autem

276 803 359 837 res
395 787 503 854 ipsa
533 791 715 839 miram
748 791 1006 854 quandam
1037 793 1094 840 in
1127 793 1450 843 orationibus
1470 797 1583 845 vim

277 879 335 911 ac
357 862 686 928 potestatem3
725 883 896 931 neque
921 877 1026 914 tam
1048 865 1230 924 refert,
1273 870 1446 932 qualia
1467 869 1582 928 lint,

277 953 412 1003 quae
436 941 570 987 intra
594 953 799 989 nosmet
821 941 955 1006 ipsos
979 941 1389 1007 composuimus,
1423 961 1582 1007 quam

275 1030 384 1080 quo
402 1015 563 1065 modo
585 1013 886 1068 efferantur:
918 1034 1037 1067 nam
1054 1018 1125 1065 ita
1147 1018 1383 1085 quisque,
1410 1030 1471 1068 ut
1491 1037 1581 1070 au-

272 1154 376 1192 [culo
410 1155 640 1199 charactere,
672 1171 749 1205 quo
770 1170 842 1194 acc.
872 1159 982 1194 Bern.
999 1161 1022 1198 J
1025 1159 1094 1194 ens.
1116 1160 1229 1196 Tarv.
1259 1161 1302 1195 In
1322 1161 1450 1207 Camp.
1475 1159 1580 1196 nulla

273 1209 344 1245 effe
364 1212 530 1252 videtur,
555 1225 641 1248 cum
660 1213 759 1248 nihil
778 1214 1010 1254 annotarim;
1038 1228 1056 1249 a
1075 1213 1177 1249 Flor.
1199 1226 1350 1249 omnem
1367 1215 1580 1263 inscriptio·

270 1278 361 1303 nem
379 1266 508 1304 abath,
539 1267 672 1303 diserte
693 1269 842 1303 doceor.
882 1269 941 1301 Est
959 1278 1083 1303 autem
1105 1268 1196 1303 haec
1221 1281 1267 1303 ex
1289 1270 1417 1304 Turic.
1439 1270 1482 1304 de
1495 1282 1580 1316 pro-

270 1323 501 1357 nuntiatione
521 1321 589 1370 sub
611 1335 679 1370 quo
701 1324 818 1367 capies
840 1323 951 1364 (Jens.
977 1324 1088 1359 Tarv.
1111 1326 1234 1370 caput)
1266 1324 1311 1358 de
1331 1325 1428 1358 vocis
1450 1326 1596 1360 naturoe‘
1651 1347 1657 1350 -

271 1376 319 1412 de
335 1389 419 1411 cura
440 1377 598 1419 ejusdem
622 1377 667 1412 de
690 1376 790 1426 gestu
809 1377 852 1413 de
870 1377 964 1413 cultu
987 1378 1074 1426 quid
1104 1380 1227 1426 cuique
1249 1377 1351 1425 cause
1369 1379 1517 1423 (Ambr.
1542 1386 1580 1413 2.

270 1430 500 1468 Guelf.Exc.
521 1434 668 1468 Santen.
695 1435 799 1467 Bern.
822 1430 958 1478 causae,
983 1435 1002 1470 J
1008 1433 1076 1468 ens.
1099 1434 1210 1468 Tarv.
1233 1432 1362 1480 causa)
1391 1434 1580 1468 conveniat

271 1487 360 1534 quid
378 1488 500 1533 cuique
521 1496 626 1531 parte
649 1486 792 1532 (Guelf.
809 1487 899 1520 Exc.
914 1489 1060 1522 Santen.
1075 1485 1189 1522 Gotli.
1212 1487 1324 1522 Tarv.
1348 1490 1457 1534 pati,
1479 1487 1578 1525 Jeus.

269 1542 378 1591 pati)
408 1550 444 1576 et
469 1540 661 1589 sententiis
693 1549 727 1576 et
756 1541 871 1576 verbis
892 1542 977 1587 quid
999 1540 1128 1583 (Goth.
1153 1541 1247 1577 Jens.
1270 1542 1382 1575 Tarv.
1410 1540 1578 1577 inserunt

270 1605 310 1631 et
336 1605 421 1630 ante
451 1595 564 1646 quid)
594 1608 764 1646 quemque
792 1596 916 1630 deceat
941 1595 1149 1630 intuendum
1172 1592 1222 1636 eft
1249 1596 1404 1639 (Ambr.
1425 1607 1458 1632 2.
1483 1595 1581 1643 insti-

270 1652 440 1687 tuendum
467 1649 534 1699 esc,
563 1650 687 1686 Guelf.
709 1652 802 1685 Exc.
833 1653 980 1685 Santen.
1008 1651 1115 1684 Bern.
1147 1651 1355 1684 intuendum
1377 1649 1456 1700 effe,
1477 1651 1574 1689 Jens.

268 1705 385 1742 Tarv.
407 1706 631 1744 intuendum.
650 1705 782 1744 solum.
806 1705 919 1740 Goth.
943 1716 1140 1751 utramque
1160 1717 1295 1739 vocem
1315 1706 1487 1749 omittit).
1517 1707 1577 1742 Ex

268 1760 368 1799 Vall.
395 1761 558 1796 eundem
588 1760 720 1807 eapitis
745 1759 899 1795 titulum
919 1759 1025 1793 affert
1048 1759 1210 1797 Badius,
1242 1771 1310 1793 nee
1333 1768 1455 1794 tamen
1478 1760 1578 1795 ultra

267 1813 404 1851 vocem
427 1816 554 1851 verbis.
597 1814 774 1864 Reliquae
798 1813 880 1852 edd.
903 1824 984 1850 ante
1007 1814 1113 1851 Gesn.
1131 1813 1341 1850 inscribunt
1358 1814 1403 1848 de
1421 1826 1579 1865 pronun-

270 1871 436 1910 tiatione,
460 1884 538 1907 exc.
563 1869 657 1906 Obr.

359 1939 392 1962 ι.
423 1927 580 1962 eaedem.
612 1925 741 1960 Turio.
771 1924 902 1960 Ambr.
927 1933 962 1958 2.
993 1923 1116 1959 Guelf.
1145 1925 1235 1959 Exc.
1267 1924 1415 1960 Santeu.
1447 1926 1577 1974 Camp.

267 1982 406 2017 eadem.
453 1983 513 2017 An
539 1982 635 2017 forte
663 1980 826 2019 rectius,
866 1990 908 2014 ut
938 1980 982 2014 ad
1011 1980 1164 2026 sequens
1192 1979 1396 2018 referatur,
1425 1992 1502 2014 non
1531 1981 1577 2015 ad
1606 1989 1608 1994 “

266 2039 417 2085 parces?
446 2050 566 2073 vocem
585 2037 684 2072 enim
708 2045 743 2070 et
766 2045 899 2069 motum
916 2045 1014 2069 recte
1034 2043 1169 2068 neutro
1193 2046 1329 2081 genere
1349 2033 1572 2081 complecta-

266 2092 335 2127 ris.
376 2093 497 2128 Modo
518 2090 642 2127 Guelf.
665 2091 862 2140 quanticum·
891 2089 1004 2125 Goth.
1027 2091 1112 2135 (tac.
1138 2089 1263 2134 Gesn.)
1286 2090 1388 2125 Item.
1418 2089 1490 2126 Sed
1507 2088 1572 2126 hio

267 2156 308 2183 et
323 2146 454 2182 insevit
474 2145 523 2195 est
542 2147 642 2182 inter
660 2159 786 2181 nomen
807 2156 842 2180 et
863 2159 896 2180 a.

352 2211 389 2237 2.
419 2215 531 2252 neque
562 2210 646 2237 tam.
687 2201 748 2236 Sic
780 2201 1061 2247 Tu1·ie.Camp.
1090 2197 1247 2246 Reliqui
1274 2198 1444 2235 inserunt
1463 2213 1570 2241 emm,

265 2255 338 2293 ubi
356 2257 471 2293 Goth.
493 2257 588 2295 Jens.
610 2267 645 2291 et
665 2256 747 2292 edd.
769 2255 920 2304 posterr.
948 2266 1031 2290 ante
1051 2254 1159 2289 Bafil.
1190 2254 1314 2289 Nece.
1343 2256 1439 2298 (tac.
1461 2256 1570 2292 Gesn.

266 2323 307 2349 ot
325 2313 366 2348 in
387 2322 463 2349 tam
484 2314 573 2354 ern.)
595 2312 639 2347 cf.
656 2319 691 2356 4,
707 2322 741 2351 2,
755 2319 818 2355 84.
850 2311 946 2347 Mox
964 2310 1064 2347 Hor.
1077 2308 1190 2358 [ιιηεῐ
1220 2309 1336 2344 modo
1349 2309 1462 2344 Goth.
1483 2311 1571 2354 (tac.

266 2368 394 2415 Gesu.)
415 2376 522 2419 atque
537 2365 761 2418 potestatem.
784 2369 884 2404 Voff.
909 2375 944 2400 2.
970 2370 1065 2407 (non
1087 2363 1223 2407 Goth.)
1250 2362 1481 2412 imposuimus
1497 2375 1569 2411 pro

265 2432 383 2473 com'p.
600 2436 682 2460 nam
703 2426 766 2461 ita.
797 2423 925 2459 Turic-
953 2422 1054 2458 Flor.
1085 2419 1176 2467 (hic
1211 2431 1231 2454 a
1254 2431 1313 2467 pr.
1338 2420 1417 2463 m.)
1439 2419 1568 2465 Camp.

327 2549 364 2573 1.
397 2536 534 2571 cicero.
564 2536 624 2571 De
645 2535 750 2572 Orat.
770 2543 806 2577 3,
826 2541 891 2581 59.
945 2531 1164 2582 eloquentia,
1194 2541 1271 2565 cum
1294 2524 1430 2576 constet
1451 2540 1471 2563 ε
1484 2539 1570 2565 voce

264 2587 334 2638 Est
354 2592 445 2624 enim
457 2591 553 2627 actio
567 2590 668 2639 quasi
680 2591 799 2640 sermo
819 2603 892 2624 cor·
946 2597 1053 2635 atque
1076 2594 1190 2622 motu.

264 2647 376 2692 p‘oris.
408 2644 512 2680 Orat.
546 2659 577 2682 c.
607 2658 666 2689 17.
703 2643 771 2694 Est
800 2646 894 2679 euim

264 2702 361 2737 actio
390 2699 493 2750 quafi
522 2704 683 2751 corporis
713 2701 893 2750 quaedam
1003 2695 1160 2733 eaedem.
1182 2693 1230 2730 cf.
1254 2703 1334 2731 not.
1354 2693 1439 2730 crit.
