1676 3028
311 230 404 286 326
618 233 690 278 M.
728 234 859 277 ΕΑΒ.
895 233 1299 294 QUINTILIANI

310 351 474 404 moria
502 351 831 419 suffragatur,
869 364 1072 419 tempus
1101 372 1208 404 non
1231 356 1422 416 defuit,
1459 359 1619 407 nulla*

307 444 394 476 :me
424 429 583 477 velim
612 429 803 494 syllaba
825 426 1060 494 effugiat:
1096 431 1294 494 alioqui
1315 434 1467 481 etiam
1487 431 1608 480 scri·
1670 422 1676 435 ⁴

306 503 427 552 bere
446 502 508 553 sit
526 503 917 568 supervacuum.
954 504 1116 567 quue
1136 507 1408 571 praecipue
1430 524 1459 554 a
1479 525 1607 572 pue-

305 579 376 627 ris
411 579 779 636 obtinendum,
826 590 977 643 atque
1016 580 1074 627 in
1106 579 1237 628 hanc
1277 579 1676 636 consuetudi-99!

307 669 430 699 nem
456 656 706 702 memoria
731 655 1090 702 exercitatione
1109 654 1402 718 redigenda,
1425 672 1491 702 ne
1515 673 1611 704 no-

308 726 387 775 bis
412 726 662 777 discamus
686 728 961 792 ignoscere.
1000 728 1229 793 Ideoque
1253 739 1303 777 et
1326 731 1612 788 admoneri,

307 811 358 848 et
377 801 440 849 ad
465 802 703 851 libellum
729 803 976 868 respicere
999 803 1262 862 vitiosum,
1295 804 1438 870 quod
1457 805 1613 855 liber-

306 886 460 924 tatem
491 879 832 942 negligentiae
853 878 1001 936 facit,
1038 896 1133 929 nec
1157 881 1432 943 quisquam
1453 878 1504 928 se
1526 895 1614 944 pa-

308 968 427 1000 rum
446 957 623 1000 tenere
647 953 855 1013 judicat,
876 954 1035 1018 quod,
1064 971 1129 1002 ne
1149 953 1246 1001 fibi
1265 954 1476 1011 excidat,
1502 972 1614 1003 non
1658 966 1663 979 ¹

238 1036 290 1082 46
313 1027 473 1075 timet.
550 1028 677 1076 Inde
702 1029 1020 1094 interruptus
1048 1030 1260 1077 actionis
1281 1030 1529 1092 impetus,
1563 1039 1613 1076 et
1660 1031 1673 1063 ἶ

272 1100 536 1150 resistens
567 1119 622 1150 ac
658 1102 905 1152 salebrosa
936 1105 1127 1160 oratio,
1167 1114 1217 1152 et
1240 1105 1332 1166 qui
1358 1103 1484 1152 dicit
1503 1103 1613 1151 edi-

305 1174 464 1224 scenti
487 1175 693 1234 similis,
733 1180 887 1227 etiam
917 1195 1124 1227 omnem
1148 1179 1280 1226 bene
1301 1177 1614 1244 scriptorum

307 1253 521 1316 gratiam
544 1252 714 1315 perdit
736 1255 821 1300 vel
842 1254 943 1301 hoc
960 1252 1089 1318 ipso,
1129 1253 1274 1316 quod
1295 1251 1535 1317 scripfiffe
1561 1252 1613 1300 se

310 1325 602 1374 confitetur.
635 1330 892 1377 Memoria
911 1338 1082 1375 autem
1105 1326 1227 1375 facit
1248 1328 1402 1375 etiam
1420 1328 1614 1391 promti
1652 1378 1661 1384 ,

306 1401 507 1464 ingenii
537 1399 750 1458 famam,
798 1413 856 1451 ut
887 1404 1001 1459 illa,
1054 1419 1186 1465 quae
1219 1401 1466 1458 dicimus,
1502 1405 1613 1450 non

307 1473 466 1524 domo
500 1474 744 1533 attuliffe,
780 1476 868 1527 sed
897 1477 973 1525 ibi
1001 1478 1241 1542 protinus
1267 1474 1500 1524 ,sumsiffe
1532 1477 1614 1525 vi·
1660 1532 1667 1535 ,

390 1628 452 1665 45.
483 1623 610 1671 defuit.
642 1624 703 1659 Sic
731 1623 859 1658 Turio.
879 1623 982 1660 Flor.
1006 1624 1137 1661 Ambr.
1160 1634 1196 1660 2.
1226 1624 1352 1660 Guelf.
1373 1626 1502 1673 Camp.
1525 1637 1613 1661 cum
1658 1637 1662 1639 ·

306 1677 422 1713 Goth.
439 1677 538 1714 Alm.
557 1680 658 1717 Voff.
689 1694 721 1714 1.
745 1688 782 1713 2.
803 1681 914 1714 Bern.
953 1681 1025 1716 Sed
1046 1681 1141 1717 Jens.
1162 1683 1246 1723 (tac.
1269 1681 1393 1724 Gesn.)
1416 1680 1509 1727 defit
1523 1694 1613 1716 cum

279 1745 284 1752 ·
307 1733 391 1768 edd.
419 1733 571 1780 posterr.
599 1745 682 1769 ante
712 1733 857 1780 Gryph.
879 1733 1015 1769 Placet.
1045 1733 1203 1782 Reliqui
1225 1733 1327 1782 defit.
1365 1736 1463 1770 Mox
1485 1734 1611 1779 Guelf-

305 1786 431 1833 effugi.
450 1789 510 1823 Ac.
533 1789 634 1824 Flor.
655 1789 690 1832 (a
712 1802 768 1836 pr.
794 1790 863 1831 m.)
885 1788 1010 1835 effugi.
1049 1790 1144 1823 Mox
1162 1802 1233 1837 pro
1249 1787 1404 1836 scribere
1414 1788 1469 1838 sil:
1479 1790 1611 1825 Turio·

295 1840 480 1890 scriberes.
507 1844 602 1880 Jens.
625 1846 710 1888 (tac.
733 1843 860 1887 Gesn.)
879 1846 1072 1891 praecipue
1094 1859 1116 1878 a
1137 1846 1257 1891 pueris
1279 1844 1409 1880 inserit
1427 1845 1509 1893 post
1519 1843 1611 1893 scri-

305 1896 398 1938 bere,
424 1898 590 1934 eximens
613 1899 702 1934 inde
731 1899 800 1934 ubi
823 1910 923 1933 nunc
943 1898 1000 1939 est,
1031 1911 1115 1933 cum
1137 1900 1220 1933 edd.
1244 1900 1397 1949 posterr.
1423 1910 1506 1935 ante
1527 1898 1611 1934 Ald-

306 1953 484 1988 Correxit
513 1955 667 2001 Regius.
907 1954 1117 2000 redigenda.
1143 1954 1243 1989 Flor.
1267 1955 1395 2002 Camp.
1424 1954 1612 2001 religenda
1651 1954 1659 1984 ἶ

305 2019 391 2043 cum
412 2006 511 2043 Alm.
534 2011 630 2052 (uon
648 2008 777 2044 Turic.
801 2008 846 2042 cf.
869 2010 951 2052 58.)
973 2009 1091 2043 modo
1113 2009 1243 2043 Turio.
1265 2009 1329 2043 hac
1345 2007 1610 2056 consuetudine.
1658 2036 1661 2038 .

304 2062 435 2098 Ambr.
463 2074 498 2098 2.
531 2063 655 2100 Guelf.
689 2062 842 2112 consuet.
875 2077 919 2098 ne
942 2065 1127 2100 memoria.
1153 2063 1282 2100 Tui-ic.
1304 2075 1396 2098 mox
1418 2063 1612 2100 admoveri.

304 2116 408 2153 Flor.
427 2119 607 2162 judicant.

387 2204 452 2250 46.
484 2207 582 2242 Inde.
613 2207 740 2243 Turio.
771 2206 871 2243 Flor.
903 2208 1033 2256 Camp.
1063 2207 1262 2246 omittunt,
1295 2219 1389 2254 quae
1408 2207 1614 2254 sequuntur
1648 2238 1653 2251 ,

305 2261 566 2310 superioribus
585 2263 800 2312 jungentes.
839 2263 939 2299 Mox
961 2263 1076 2299 Goth.
1098 2264 1185 2308 (tac.
1209 2262 1336 2308 Gesn.)
1359 2271 1396 2298 et
1406 2261 1542 2312 salebr-

363 2377 426 2414 45-
466 2387 488 2408 a
530 2376 649 2420 pueris
689 2374 932 2409 obtinendum.
996 2385 1056 2411 ιο,
1070 2381 1106 2415 3,
1123 2385 1183 2420 19.
1210 2371 1536 2408 Burmannushuc
1550 2371 1615 2405 ad-

306 2427 405 2462 Cave
418 2427 606 2476 intelligas
621 2428 829 2464 ablativum
844 2441 932 2475 pen—
989 2439 1100 2463 vocat
1113 2428 1228 2463 ovid.
1246 2426 1402 2463 Heroid.
1416 2431 1453 2470 4,
1467 2431 1504 2468 8.
1524 2426 1626 2470 (ubi-

304 2481 455 2516 dentem
488 2497 506 2517 a
539 2484 681 2523 verbo:
723 2484 772 2518 est
801 2484 932 2517 adver-
987 2483 1088 2517 inter
1117 2484 1197 2521 VV.
1222 2485 1300 2518 LL.
1322 2481 1371 2516 est
1392 2478 1545 2527 restitit:
1572 2493 1611 2516 v.

304 2535 423 2571 bium.
456 2538 502 2572 cf.
527 2547 573 2578 2,
598 2546 642 2581 5,
670 2550 730 2585 ¹9·
761 2538 932 2572 Testatur
988 2538 1112 2582 Heius.
1152 2548 1188 2572 et
1217 2539 1376 2578 Burm.)
1414 2546 1450 2570 et
1484 2534 1613 2572 Valet.

304 2602 398 2636 quae
428 2593 597 2640 sequitur
626 2594 749 2642 prima
777 2593 952 2640 persona
987 2591 1106 2627 Flaec.
1129 2592 1164 2632 6,
1189 2599 1278 2634 755.
1311 2590 1380 2625 ubi
1397 2589 1612 2639 „paulisper

302 2657 349 2679 ne
364 2646 454 2680 :tob'
427 2660 473 2680 115
492 2646 676 2693 discamus.
986 2646 1081 2680 sacra
1103 2643 1305 2693 resisbunt.“

358 2699 425 2747 46.
453 2699 616 2751 refizfiens
642 2721 697 2731 --
724 2704 853 2739 oratio.
882 2701 930 2736 cf.
1038 2701 1150 2761 *domo
1171 2698 1339 2750 aetuhffe.
1363 2699 1410 2738 cf.
1430 2699 1466 2741 6,
1487 2707 1523 2744 5,
1545 2707 1610 2744 55.
