1676 3028
385 162 548 208 INST.
587 162 866 210 ORATOR.
899 162 1021 209 LIB.
1059 162 1154 219 XI,
1203 173 1247 207 2.
1385 173 1479 218 311

144 298 328 340 monet
364 289 541 339 locus:
618 287 709 339 sed
749 287 1005 339 sermonis
1049 288 1272 349 alicujus
1310 287 1483 338 habiti

142 365 432 436 verborum
486 376 760 417 contextus
813 365 997 416 eadem
1042 376 1148 414 arte
1201 365 1479 430 quomodo

43 487 48 499 ,
85 442 90 447 ”
143 442 656 508 comprehendetur?
696 444 873 502 Mitto,
905 441 1046 510 quod
1073 441 1332 508 quaedam
1355 443 1478 491 nul-
1500 450 1552 488 25

135 517 203 569 lis
243 517 536 571 simulacris
587 519 876 587 significari
915 517 1151 588 poIIunt,
1227 530 1288 569 ut
1337 530 1478 568 certe

251 675 367 714 locus.
396 677 483 714 Hoc
505 676 596 713 dant
615 678 744 714 Turio.
767 677 869 715 Flor.
889 690 978 715 cum
998 675 1100 714 Alm.
1125 674 1237 713 colb.
1259 675 1354 711 item
1375 688 1476 711 mar-

138 733 231 783 gine
253 733 390 775 Badii,
431 733 590 770 exulans
621 735 668 770 ab
700 735 882 771 omnibus
914 726 1090 783 reliquis.
1132 733 1320 769 Gesnerus
1344 745 1475 768 carens

137 789 266 826 nostro
286 789 482 827 vocabulo
501 793 607 837 (cum
629 804 709 827 non
727 792 941 828 attendisset
958 790 1066 826 illam
1086 791 1127 825 in
1139 791 1272 826 Burm.
1295 789 1354 824 ed.
1368 801 1474 824 com-

136 846 506 890 memorationem),
545 847 591 882 ad
612 857 818 883 commonet
842 846 1062 896 intelligere
1082 846 1292 895 cogebatur
1310 859 1369 880 ars
1393 839 1477 892 istm*

137 902 236 938 dure
258 902 460 950 profecto;
489 903 552 938 sed
578 903 777 952 aliquanto
809 905 936 950 major
955 904 1110 940 criticus
1131 901 1310 940 Gallaeo,
1346 902 1416 951 qui
1435 911 1475 936 et

135 957 205 994 hic
221 957 439 994 remedium
453 959 562 995 suum
574 969 706 1000 tentat,
727 960 907 995 addititia
923 960 1017 995 haec
1028 959 1146 995 verba
1159 973 1237 993 cum
1251 959 1473 994 alterum-—

136 1023 343 1050 commonet
360 1016 622 1064 pronuncians
645 1024 683 1050 et
709 1016 762 1060 (i.
785 1017 903 1065 quia)
920 1016 1210 1063 inexplicabilia.
1232 1016 1279 1050 cf.
1309 1027 1369 1054 ιο,
1385 1024 1420 1057 3,
1435 1025 1472 1050 2.

298 1070 368 1121 sed
393 1091 450 1099 —
479 1072 609 1108 habiti.
643 1071 776 1107 Turic.
798 1070 902 1107 Flor.
921 1070 1023 1120 sicut
1036 1070 1070 1120 s.
1101 1073 1212 1106 alicui
1232 1071 1360 1106 habitu
1381 1083 1473 1106 cum

131 1126 236 1164 Alm.
263 1128 338 1164 nisi
367 1129 474 1177 quod
498 1127 566 1177 sic.
607 1127 734 1164 Guelf.
766 1129 863 1163 Exc.
891 1130 1043 1164 Samen.
1069 1126 1107 1176 si
1134 1126 1264 1175 cums.
1288 1127 1472 1162 a.hab1'tu

133 1196 225 1220 cum
251 1183 370 1221 Goth.
393 1195 431 1220 et
450 1184 602 1220 fortan'e
620 1183 734 1220 Bodl.
756 1184 876 1219 Andr.
899 1197 946 1220 ex
967 1184 1110 1232 quibus
1130 1197 1211 1219 non
1229 1184 1387 1218 affertur
1405 1183 1471 1218 ha·

133 1241 225 1278 bitu.
251 1241 383 1289 Camp.
402 1239 440 1289 fi
467 1240 592 1289 cums.
618 1255 652 1276 a.
676 1240 795 1276 habiti
815 1241 914 1285 (nisi
932 1240 1033 1276 forte
1054 1241 1097 1275 in
1114 1240 1305 1289 postremo
1329 1239 1471 1280 erravi,

134 1296 243 1344 quod
269 1306 307 1331 et
333 1297 394 1332 ibi
421 1297 510 1332 effet
540 1297 709 1340 habitu).
737 1295 923 1344 Jens.sed
942 1310 1022 1331 cum
1044 1316 1095 1322 -
1118 1297 1246 1331 habitu
1267 1308 1357 1331 cum
1383 1295 1471 1330 edd.

133 1352 292 1402 posterr-
317 1363 403 1388 ante
430 1351 542 1389 Basil.
572 1366 652 1388 exc.
682 1352 770 1388 Ald.
799 1353 867 1400 qui
895 1365 942 1387 ex
970 1366 1067 1401 vaga
1097 1352 1214 1400 Regii
1249 1352 1471 1397 conjectura

126 1407 199 1458 sed
227 1422 306 1443 cum
325 1407 360 1457 s.
384 1424 419 1444 a.
451 1409 583 1450 habiti,
615 1409 765 1445 insertis
795 1421 891 1444 mox
917 1408 998 1457 post
1027 1417 1216 1444 contextus
1244 1408 1372 1444 hisce:
1420 1404 1472 1455 efl-

133 1463 359 1514 ediscendus.
409 1465 516 1500 Mihi
542 1466 700 1513 quidem
724 1464 848 1513 sermo
880 1465 1028 1500 habitus
1048 1464 1125 1500 hoc
1144 1464 1238 1500 loco
1253 1463 1366 1514 plane
1388 1476 1471 1499 non

132 1520 314 1557 ferendus
344 1521 525 1561 videtur;
566 1535 645 1570 quo
679 1521 826 1556 accedit
856 1520 1070 1556 foediffima
1091 1521 1359 1568 genitivorum
1385 1531 1474 1554 coa-

133 1577 320 1619 cervatio,
335 1576 516 1626 sermonis
537 1577 656 1613 habiti
672 1577 863 1613 verborum
882 1585 1097 1617 contactus,-
1123 1587 1161 1612 et
1181 1577 1335 1612 fortasse
1358 1574 1473 1611 debe-

133 1632 223 1670 bam
253 1634 555 1673 m-Jensoniana
585 1634 846 1682 acquiescere,
876 1634 987 1679 cujus
1012 1633 1106 1669 haec
1134 1634 1336 1673 sententia:
1396 1631 1473 1667 Sed

133 1690 320 1740 quomodo
333 1689 448 1739 simul
467 1704 546 1725 cum
567 1700 647 1726 toto
659 1689 842 1739 sermonis
861 1690 1014 1735 alicujus
1034 1690 1161 1725 habitu
1181 1691 1322 1737 poterit
1340 1689 1473 1724 verbo-

132 1759 213 1782 rum
243 1760 387 1797 quoque
417 1756 609 1785 contextus
638 1746 767 1781 eadem.
794 1747 861 1781 hac
893 1749 1117 1781 mnemonice
1147 1746 1405 1794 comprehendi
1435 1754 1472 1780 et

133 1804 340 1838 contineri.-
368 1803 426 1838 sed
438 1803 640 1842 retinebat,
662 1802 770 1851 quod
790 1801 1030 1837 vetustiffimi
1046 1801 1218 1850 illisione
1231 1802 1333 1843 dant,
1348 1798 1472 1849 nonsi

134 1871 226 1897 cum,
265 1859 361 1894 Inde
379 1859 537 1895 efficias:
565 1858 647 1907 sed,
671 1866 711 1893 uc
731 1858 933 1906 (potestate
956 1857 1232 1907 quanquam)s.
1253 1873 1290 1896 a.
1311 1858 1470 1897 habitus,

131 1915 323 1951 verborum
354 1935 409 1944 —-
446 1915 798 1966 comprehendetur?
847 1914 979 1962 Camp.
1021 1914 1338 1962 comprehenditur
1378 1926 1471 1950 cum

129 1973 229 2011 Jens.
250 1973 366 2008 Tarv.

217 2070 283 2106 25.
315 2072 420 2102 certe.
452 2062 514 2098 Sic
528 2061 655 2099 Guelf.
674 2061 791 2098 Goth.
812 2062 897 2105 (tac.
918 2056 1047 2114 Gesn.)
1068 2074 1156 2097 cum
1179 2062 1281 2099 Voss.
1300 2072 1336 2098 2.
1355 2059 1469 2098 Basil.

130 2119 299 2161 Vidov·,
332 2119 439 2168 quod
471 2119 594 2166 ipsum
631 2118 864 2165 conjiciebat
892 2119 1000 2155 Gesn.
1046 2118 1205 2166 Reliqui
1236 2126 1365 2159 certae,
1396 2117 1471 2152 nisi

131 2175 242 2224 quod
269 2176 367 2214 Jens.
398 2184 572 2217 caeterae,
595 2175 708 2210 Tarv.
745 2183 897 2211 caetere.
960 2175 1085 2211 Modo
1119 2174 1221 2211 Flor.
1245 2176 1293 2221 (a
1312 2188 1371 2223 pr.
1395 2176 1468 2218 m.)

123 2230 330 2281 significet.
362 2233 600 2268 Annotatum
623 2231 673 2266 est
685 2230 818 2267 eFlor.
836 2229 995 2280 possunt,
1018 2232 1126 2280 quod
1144 2242 1182 2266 et
1202 2232 1279 2280 ipse
1301 2244 1319 2266 e
1333 2233 1468 2279 Camp.
1480 2226 1501 2246 ⁵

131 2287 262 2330 retuli,
276 2287 432 2337 quasiin
443 2288 557 2325 editis
569 2287 656 2323 effet
666 2285 813 2337 poffint.
838 2287 878 2324 N
883 2300 957 2323 unc
968 2287 1136 2336 suspicor
1151 2287 1194 2323 in
1206 2287 1286 2324 illis
1298 2286 1423 2333 (Flor.
1435 2296 1474 2322 et

129 2413 355 2462 imaginem.
452 2409 599 2458 Aliquo
646 2421 772 2446 tamen
830 2411 1106 2447 admonebitur
1134 2410 1256 2453 illius,
1310 2411 1403 2447 dum
1434 2425 1474 2446 a·

130 2470 251 2506 modo
270 2472 287 2515 (
298 2468 505 2519 utcunque)
530 2464 624 2502 huic
647 2468 772 2503 neces·
830 2469 941 2502 trium
953 2468 1082 2503 animo
1097 2467 1330 2509 obversatur,
1341 2468 1474 2504 etiam-

129 2527 232 2564 fitati
261 2525 450 2562 succurrit
477 2523 600 2562 locum
640 2534 678 2559 ct
704 2524 774 2572 qui
830 2524 860 2558 [i
885 2523 1084 2560 obscurior
1104 2524 1225 2560 fuerit
1242 2527 1378 2573 imago,
1401 2537 1478 2573 qua

127 2595 170 2619 v.
201 2596 234 2620 c.
263 2584 359 2618 atrio
390 2581 530 2617 domus
558 2579 668 2615 ilh'us
694 2594 774 2616 me·
832 2580 999 2616 eundem
1018 2580 1250 2618 instruxerat
1265 2581 1425 2617 sensum.

110 2638 298 2674 smoriam
330 2636 555 2686 occupantis
577 2635 776 2684 affignavit

135 2705 285 2730 eertum
296 2694 484 2732 orationis
503 2694 588 2729 suae
610 2693 776 2734 sensum,
884 2692 955 2744 sed
978 2712 1034 2724 —
1054 2693 1183 2731 habiti.
1211 2693 1259 2731 οἱ.
1280 2703 1364 2730 not.
1392 2692 1480 2729 crit.
