1676 3028
282 252 376 295 310
591 239 666 284 M.
702 239 834 306 ΕΑΒ.
873 237 1277 298 QUlNTlLIANI

281 363 518 412 auctione
558 358 752 409 dimissa
767 398 781 418 ‚
834 358 965 424 quid
1006 361 1193 424 cuique
1224 359 1583 418 vendidissent,

283 437 495 486 testibus
546 437 951 500 argentariorum
1000 436 1187 483 tabulis
1228 435 1581 485 reddiderunt.

282 513 440 580 Quod
459 509 752 578 praestitiffe
776 508 1110 559 Hortensium
1133 510 1327 559 dicunt.¹
1403 513 1584 561 Minus

283 588 424 635 idem
456 587 691 652 proderit
716 587 773 633 in
808 583 1115 641 ediscendis,
1172 601 1304 648 quae
1340 587 1586 635 orationis

274 672 562 726 ,perpetuae
583 671 748 709 erunt.
819 661 959 708 Nam
983 672 1033 707 et
1052 658 1222 708 sensus
1243 677 1352 708 non
1370 654 1584 709 eandem
1595 668 1673 710 989

281 737 560 799 imaginem
583 744 741 799 quam
768 752 847 783 res
866 735 1071 792 habent,
1104 752 1224 783 cum
1245 735 1463 791 alterum
1484 733 1588 783 fin-

281 810 512 875 gendum
538 810 624 858 fit:
665 820 714 858 et
744 810 940 860 horum
963 821 1134 858 tamen
1155 820 1425 874 utcunque
1447 827 1589 859 com-

1179 915 1202 937 κ
1244 935 1250 940 ,

279 951 380 987 Tum
402 965 421 985 e
439 951 568 986 Turio.
589 950 689 986 Flor.
719 961 912 986 enotatum
942 963 1033 998 quae
1051 949 1278 998 Hortensius,
1306 962 1384 985 non
1405 946 1529 985 additar
1546 949 1590 984 in.

281 1005 353 1040 illo
380 1006 535 1053 quidem
555 1005 719 1053 vulgata,
747 1007 789 1040 in
809 1005 884 1040 hoc
903 1017 1027 1040 autem
1051 1005 1182 1040 diserte
1205 1006 1415 1053 appositum
1435 1006 1484 1039 est
1503 1003 1589 1038 vul-

282 1072 412 1107 gatum
445 1060 665 1108 Hortensius.
730 1061 912 1095 Insertum
941 1061 1069 1107 itaque
1097 1060 1223 1095 videri
1245 1061 1357 1095 debet
1376 1059 1476 1094 illud
1498 1071 1590 1107 quae

281 1117 358 1150 sine
387 1117 488 1150 seusu
515 1117 595 1163 post
619 1115 686 1150 illa
721 1116 818 1164 quod
849 1112 1072 1164 praestitistis.
1311 1123 1495 1162 utcunque.
1527 1113 1590 1148 Sic

281 1171 411 1206 Turio.
432 1170 532 1206 Flor.
556 1184 642 1205 cum
653 1171 751 1205 Alm.
772 1182 941 1207 auctores
963 1171 1051 1204 facti
1071 1171 1308 1215 conjecturae
1331 1169 1588 1208 Gesnerianae,

282 1238 396 1274 quam
415 1227 490 1272 ipse
510 1227 733 1269 (inimemor
753 1224 876 1271 Alm.)
896 1226 939 1259 in
959 1235 1105 1260 textum
1127 1224 1331 1264 intuleram
1375 1224 1589 1263 rectiffime,

279 1291 317 1315 et
340 1280 632 1329 obsequentibus
655 1281 766 1328 Bipp.
797 1279 953 1327 Reliqui
973 1290 1170 1328 uerumque.
1195 1279 1240 1315 cf.
1269 1292 1331 1319 10,
1355 1279 1391 1320 6,
1415 1290 1453 1323 7.

336 1409 400 1444 24.
422 1399 834 1451 Quod—Hortensium
855 1402 909 1435 di-

280 1465 374 1492 cunt.
441 1457 704 1496 „Hortensius
734 1475 786 1484 ο-
811 1470 830 1490 a
853 1457 908 1490 Si-

280 1512 417 1552 „senna
445 1518 676 1558 provocatus
703 1511 744 1546 in
765 1511 909 1546 auctio-

280 1579 356 1607 „ne
395 1566 556 1613 persedit
585 1565 685 1599 diem
722 1577 845 1600 totum
874 1576 914 1615 eg

280 1633 442 1662 „omnes
462 1633 521 1655 res
538 1631 574 1655 et
593 1620 713 1669 pretia
733 1632 769 1656 et
789 1630 909 1656 emto-

281 1689 368 1716 „res
389 1675 521 1710 ordine
543 1676 607 1710 suo
621 1676 841 1722 argentariis
852 1688 910 1709 re-

282 1730 648 1777 „cognoscentibus,
708 1731 760 1765 ita
789 1741 832 1765 ut
869 1730 911 1764 iu

281 1785 418 1825 „nullo
444 1784 650 1824 falleretur,
679 1785 875 1820 recensuit.
890 1789 914 1804 “

285 1841 422 1874 Seneca
435 1849 539 1887 pater
550 1839 591 1874 in
602 1841 717 1888 praef.
730 1841 913 1876 Controv-

285 1894 332 1929 cf.
356 1905 392 1929 et
416 1907 476 1934 10,
498 1895 534 1935 6,
556 1901 594 1941 [1.

339 1963 417 1983 cum
439 1950 591 1984 alterum
606 1949 828 1998 fingendum
845 1947 912 1997 sit.

283 2005 358 2039 Res
378 2005 532 2052 quidem
555 2006 634 2040 suas
655 2006 776 2040 secum
787 2005 917 2040 ferunt

285 2059 495 2107 imaginem
525 2061 667 2101 sensus,
697 2062 723 2095 i.
752 2061 914 2107 cogitata

283 2114 427 2154 nostra,
473 2115 503 2149 si
544 2126 675 2150 notare
716 2115 912 2155 volumus,

283 2168 511 2216 fingendum
542 2170 590 2204 est
611 2170 770 2218 aliquod
795 2170 915 2206 nostra

284 2222 416 2272 sponte
435 2224 595 2271 signum,
626 2237 694 2260 nec
716 2225 814 2260 illud
836 2238 914 2259 eei*-

286 2288 368 2314 tum
416 2290 480 2314 aut
521 2293 641 2315 unum
679 2281 796 2315 modo
844 2279 912 2314 est:

285 2347 401 2374 „nam
415 2355 466 2361 —
479 2335 532 2370 ita
552 2335 599 2370 fit
619 2336 661 2370 in
690 2334 916 2382 imaginibus,

288 2400 375 2429 „ut‚
416 2403 511 2437 quae
557 2390 670 2426 nobis
713 2390 918 2436 diiigenter

288 2455 464 2484 „notatae
495 2446 586 2485 sint,
625 2458 687 2481 eae
707 2457 839 2492 parum
858 2444 917 2478 vi·

289 2499 475 2538 „deantur
484 2501 646 2548 insignes
658 2499 783 2535 aliis-‘⁶
799 2499 917 2543 (Scri-

289 2563 376 2599 ptor
395 2555 440 2588 ad
460 2557 625 2590 Herenn.
649 2564 685 2598 5,
705 2554 788 2599 25.)
817 2554 920 2588 Alte-

287 2620 367 2642 rum
395 2610 497 2655 quod
523 2610 589 2644 hic
611 2610 770 2649 dicitur,
803 2608 851 2643 est
871 2606 919 2641 il·

289 2659 359 2696 lud
391 2663 513 2713 ipsum
543 2665 714 2712 signum,
745 2676 822 2711 quo
843 2663 919 2696 sen-

289 2716 371 2752 sum
393 2720 579 2759 n'otamus,
611 2719 801 2756 diversum
820 2716 920 2753 illud

967 1401 1011 1436 ab
1033 1413 1076 1435 eo
1096 1413 1207 1447 quem
1229 1400 1457 1436 demonstrat
1467 1400 1591 1440 senfin

968 1456 1044 1490 duo
1066 1457 1165 1490 enim
1187 1456 1359 1503 profecto
1382 1456 1476 1496 sunt,
1509 1455 1594 1489 ubi·

966 1523 1116 1558 cunque
1134 1510 1301 1557 signatur
1317 1509 1489 1549 alterum,
1503 1508 1593 1544 alte-

965 1578 1051 1599 rum
1075 1565 1203 1611 signat.
1261 1565 1343 1601 Jam
1363 1565 1405 1599 in
1427 1565 1530 1599 rebus
1546 1577 1594 1599 ne

966 1621 1113 1667 signum
1155 1618 1332 1667 quidem,
1382 1621 1409 1654 i.
1431 1620 1595 1654 alterum

964 1675 1082 1713 illud,
1109 1675 1255 1721 fingere
1281 1687 1377 1722 opus
1396 1674 1466 1715 est,
1498 1686 1595 1722 quo·

966 1730 1069 1764 niam
1107 1729 1176 1776 qui
1217 1728 1373 1776 mensam
1403 1729 1595 1765 reminisci

968 1784 1097 1831 cupit,
1143 1783 1177 1818 is
1208 1783 1310 1818 nihil
1342 1784 1414 1818 nisi
1449 1785 1595 1819 mensae

968 1839 1175 1885 imaginem
1205 1839 1332 1873 animo
1362 1838 1510 1886 affigere
1532 1852 1596 1874 ne-

970 1894 1063 1929 ceffe
1082 1893 1205 1928 habet.
1252 1895 1300 1928 Et
1319 1894 1418 1929 hanc
1441 1894 1597 1941 quidem
1644 1879 1665 1923 ¹·

969 1949 1177 1987 verborum
1206 1947 1419 1983 nostrorum
1450 1959 1599 1996 partem

969 2003 1166 2040 rectissime
1183 2002 1356 2050 expreffit
1369 2003 1594 2050 Gedoynus:

969 2058 1050 2100 „les
1075 2059 1224 2106 pensees
1246 2068 1357 2105 ayant
1378 2072 1451 2094 une
1471 2059 1598 2106 image

969 2124 1199 2162 „purement
1225 2113 1433 2149 arbitraire.
1447 2118 1472 2134 “

968 2168 1129 2216 reliquis
1147 2169 1245 2203 vitio
1266 2168 1482 2204 editionum
1500 2181 1599 2203 erra-

970 2224 1040 2259 vit.
1084 2224 1267 2259 Gesnerus
1293 2223 1446 2258 alterum
1463 2222 1598 2258 tetulit

970 2280 1016 2313 ad
1037 2277 1162 2326 sensus
1182 2278 1279 2325 ipsos
1293 2304 1303 2318 ‚
1335 2279 1403 2325 qui
1424 2278 1597 2313 dicantur

973 2334 1042 2368 effe
1062 2333 1249 2381 fingendi,
1272 2345 1358 2368 cum
1378 2346 1431 2368 res
1449 2333 1596 2379 seipsae

973 2389 1143 2424 offerant.
1202 2387 1275 2422 Sed
1301 2387 1366 2423 hic
1383 2385 1506 2436 sensus
1525 2388 1598 2434 ipsi

971 2457 1051 2478 non
1079 2444 1300 2490 finguntur,
1331 2454 1465 2478 verum
1486 2441 1598 2478 efficti

974 2509 1012 2533 et
1031 2497 1226 2533 constituti
1242 2507 1326 2532 ante
1343 2497 1469 2545 notari
1481 2497 1599 2531 modo

973 2553 1203 2591 desiderant;
1271 2551 1463 2591 versamur
1497 2552 1601 2586 enim

973 2607 1015 2641 in
1046 2617 1124 2641 arte
1161 2606 1413 2645 mnemoffice,
1446 2618 1526 2640 non
1559 2607 1602 2640 in

973 2661 1196 2696 inventione
1227 2661 1404 2696 oratoria.
1473 2661 1603 2696 Labor

975 2716 1024 2751 est
1038 2715 1245 2764 unicuique
1265 2715 1384 2752 sensui
1396 2715 1498 2752 suam
1512 2716 1601 2752 date

1552 2116 1599 2148 In
1658 2129 1670 2137 ⁸
