1676 3028
312 277 410 331 412
627 273 701 320 M.
733 275 865 320 FAB.
901 275 1304 336 QUINTILIANI

312 397 474 461 gitos,
511 411 631 444 cum
660 395 852 445 summi
883 398 1146 456 coierunt,
1188 401 1252 449 ad
1278 419 1373 453 nos
1409 403 1615 464 referre,

314 488 409 520 cur
426 470 738 534 quibusdam
758 471 1095 538 displicuerit,
1131 473 1334 525 nescio(
1384 480 1528 527 ‘Nam
1556 480 1614 528 id

311 549 370 595 et'
395 546 579 594 leviter
629 545 962 605 admirantes,
1021 559 1070 596 et
1097 550 1306 598 interim
1341 551 1503 602 subita
1533 557 1614 602 in-

311 621 628 685 dignatione,
660 622 807 670 velut
826 622 1163 686 pavescentes,
1199 634 1249 672 et
1271 625 1612 690 deprecantes,

234 695 545 746 ¹04facimus.
626 697 766 764 Quin
800 697 1128 763 compi-elsam
1148 701 1300 749 etiam
1322 718 1532 752 manum
1554 707 1614 754 in

301 771 635 840 ¹:poenitentia¹
657 773 746 820 vel
780 773 857 820 ira
894 777 1092 840 pectori
1122 775 1484 837 admovemus,
1519 780 1614 829 ubi

310 911 443 963 camp.
466 914 586 962 digiti.
615 912 718 949 idem
738 912 820 962 post
836 917 940 953 coier.
959 917 1087 952 inserit
1109 925 1154 955 et.
1371 918 1420 954 ad
1439 931 1515 954 nos,
1535 920 1613 955 Tu-

306 970 378 1007 ric-
405 969 507 1004 Flor.
538 968 587 1003 ad
611 982 671 1004 eos
699 982 786 1004 cum
816 971 912 1006 Alm.
943 971 1097 1020 Reliqui
1124 972 1174 1008 ad
1195 985 1246 1008 os.
1282 973 1460 1008 Nostrum
1485 987 1503 1008 e
1526 987 1614 1009 con·

304 1028 450 1074 iectura
481 1025 546 1069 (cf.
569 1024 631 1070 96.
654 1035 719 1072 97.
747 1034 783 1059 et
800 1037 892 1061 mox
917 1030 1035 1069 105..)
1060 1027 1183 1063 Guelf.
1205 1028 1331 1075 quibus
1353 1028 1614 1075 displicuerint

306 1083 439 1130 Camp.
470 1079 679 1128 quibusdam
707 1079 975 1126 displicuerunt.
1002 1082 1096 1118 Jens.
1119 1083 1230 1117 Tarv.
1252 1083 1335 1132 quil
1328 1084 1466 1117 usdam
1486 1081 1612 1131 dis-pli-

304 1130 623 1175 ciun't,·co1rexit
642 1134 797 1182 Regius,
820 1137 857 1169 id
876 1135 954 1184 post
978 1137 1076 1171 Nam
1095 1138 1240 1173 omittit
1260 1138 1376 1172 Goth.
1397 1150 1483 1172 cum
1510 1138 1612 1175 Voff.
1674 1174 1676 1176 ,

242 1216 245 1219 -
302 1189 519 1239 transponit
548 1190 677 1237 Camp.
709 1201 797 1223 cum
825 1191 933 1226 Basil.
965 1191 1109 1239 Gleph
1135 1187 1292 1242 (1536.)
1322 1192 1462 1228 Vidov.
1484 1193 1614 1227 leniter

300 1245 437 1283 Turic.
465 1244 568 1279 Flor.
602 1245 732 1279 Ambr.
757 1254 791 1279 2.
831 1258 918 1280 cum
950 1247 1193 1284 Gotli.›Voll'.
1217 1256 1251 1280 2.
1286 1249 1382 1285 Jens.
1412 1259 1498 1281 cum
1527 1246 1614 1282 edd.

301 1300 458 1351 posterr.
488 1310 572 1334 ante
595 1299 680 1334 Ald.
703 1308 774 1332 acc.
795 1300 883 1334 Bad.
907 1314 1018 1348 quem
1040 1301 1079 1335 in
1101 1312 1189 1337 nota
1201 1301 1296 1338 Vall.
1320 1296 1449 1336 leviter·
1464 1301 1614 1336 dantem
1674 1310 1676 1314 ⁴

299 1368 372 1405 per
401 1354 566 1403 sphalma
597 1354 722 1389 dicere
762 1354 938 1391 arbitror.
991 1356 1248 1392 Commovent
1283 1369 1345 1390 me
1381 1368 1612 1404 magnopere

301 1411 566 1450 auctoritates,
596 1409 738 1445 nedum
758 1421 844 1444 cum
869 1411 987 1459 Regio
1008 1425 1054 1446 ne
1075 1411 1352 1446 admonendam
1373 1411 1527 1459 quidem
1547 1411 1611 1447 lit·

301 1475 402 1502 terae
425 1467 460 1503 V
479 1465 755 1500 restitutionem
783 1466 970 1504 censeam:
1013 1467 1070 1514 sed
1098 1476 1318 1515 praegravat
1339 1467 1437 1500 ratio
1466 1466 1520 1513 §§.
1539 1472 1608 1514 v953

298 1521 366 1570 96.
400 1520 469 1555 ubi
487 1520 614 1555 leviter
631 1518 741 1567 plane
762 1519 811 1552 est
830 1532 899 1566 pro
922 1521 1120 1567 paululum.
1145 1521 1191 1556 cf.
1219 1533 1279 1560 ιο,
1301 1528 1338 1563 5,
1361 1530 1426 1557 21.

389 1602 478 1639 104.
509 1598 616 1647 Quin.
648 1595 774 1632 Guelf.
804 1597 985 1646 Quicum
1021 1598 1121 1632 Voff.
1154 1610 1186 1633 ι.
1425 1599 1462 1632 in
1483 1599 1610 1644 poeni-

297 1655 415 1690 tentia
435 1652 493 1687 vel
516 1654 584 1688 ira.
633 1652 694 1686 Sic
715 1651 846 1687 Tui-ic.
867 1651 967 1687 Flor.
986 1653 1117 1687 Ambr.
1144 1662 1179 1687 2.
1215 1652 1339 1687 Guelf.
1370 1666 1456 1688 cum
1488 1655 1611 1688 Stoer.

297 1709 463 1745 Chouet.
475 1707 581 1742 Leid.
594 1705 750 1752 Reliqui
765 1705 952 1753 insignum
965 1708 1053 1749 (uili
1069 1708 1273 1754 quodBad.
1284 1707 1511 1748 inconsulto,
1525 1709 1609 1756 opi·

295 1776 382 1802 nor,
391 1761 532 1810 sinum)
551 1761 799 1808 poenitentiae
820 1762 877 1795 vel
900 1763 995 1800 irae;
1023 1762 1127 1808 quod
1147 1763 1345 1797 revocanti
1357 1763 1524 1797 Gibsouo
1535 1762 1609 1810 ipsi

295 1817 469 1853 suboluit
505 1816 654 1864 aliquid
692 1815 737 1850 de
769 1815 986 1862 gloffemate
1025 1816 1171 1851 foi-carre
1210 1817 1276 1851 hic
1305 1818 1494 1857 versante3
1549 1817 1610 1852 red

294 1874 429 1909 Ioann.
468 1884 583 1921 quem
622 1870 747 1906 testem
776 1870 882 1906 addit
914 1882 950 1907 et
985 1871 1133 1920 aliquot
1163 1872 1246 1908 edd.
1282 1873 1484 1907 auctoritas
1513 1872 1610 1908 vicit

293 1994 418 2042 :nobie
436 1993 574 2042 primis
592 1992 746 2028 inducta
770 1993 837 2032 est,
866 2005 924 2028 re-

292 2049 397 2098 liqui
427 2059 511 2083 ante
550 2049 700 2083 tremula
728 2049 924 2096 interpun-

290 2115 414 2154 gunt,
442 2117 599 2152 eamque
630 2104 676 2138 ad
698 2102 842 2151 scenica
876 2101 926 2150 eft

241 2176 248 2185 ¹
291 2161 482 2208 integram
522 2158 668 2194 faciunt
691 2159 922 2199 senteutiam,

289 2215 494 2265 praecisam
523 2214 628 2248 illam
643 2239 653 2254 ,
682 2226 751 2248 nec
773 2214 924 2259 Quinti·

289 2271 435 2308 lianeae
448 2269 623 2304 sanitatis.
653 2269 801 2316 Nempe
812 2283 924 2317 quae·

289 2327 461 2364 siverunt
487 2324 653 2372 ‘aliquod
683 2323 923 2366 attributum,

290 2380 399 2430 quod
421 2381 621 2414 adderetur
644 2380 765 2413 manui
789 2380 844 2413 illi
865 2393 923 2414 ca-

290 2448 535 2473 vae—rarae
554 2454 597 2461 --
609 2435 728 2469 elatae
740 2453 789 2460 -—
803 2434 923 2469 horta-

290 2494 383 2528 trici.
443 2489 516 2525 Sed.
545 2489 593 2524 est
611 2489 661 2523 'in
684 2488 789 2523 hisce
816 2502 923 2536 prae-

291 2547 409 2595 ceptis
454 2544 646 2592 imprimis
687 2543 923 2591 frequentata.

289 2602 415 2638 nostro
436 2600 617 2635 structura
637 2598 750 2634 verbi
761 2598 923 2634 substan·

286 2657 374 2697 tivi,
389 2658 432 2691 de
446 2667 519 2703 qua
533 2653 681 2701 egimus
695 2653 741 2687 ad
754 2665 789 2700 9,
803 2662 840 2696 5,
858 2662 918 2689 ια.

288 2722 326 2748 et
343 2710 448 2746 alibi.
481 2708 614 2756 Qualis
634 2708 700 2743 hic
721 2707 832 2743 valde
843 2721 920 2742 ma-

285 2766 417 2802 nifesta
437 2768 471 2814 §.
487 2774 576 2799 100.
609 2762 920 2813 Corrigentethic

980 1994 1143 2029 Francio
1167 1993 1260 2042 solis
1278 2006 1349 2042 pro
1363 1991 1498 2041 scholis
1516 2004 1607 2041 pro-

981 2050 1080 2084 fecto
1098 2063 1174 2085 non
1193 2049 1480 2097 indigebamus;
1501 2047 1607 2097 quod

981 2105 1009 2139 si
1041 2105 1201 2140 vicissim
1233 2105 1363 2144 fieret,
1406 2104 1607 2151 ingenium

982 2170 1071 2195 erat.
1149 2160 1252 2195 Illud
1291 2159 1467 2207 equidem
1504 2167 1606 2194 certo
1645 2157 1656 2167 ''

980 2228 1060 2250 non
1090 2215 1233 2256 dicam.
1273 2229 1294 2250 a
1309 2213 1446 2263 scholis
1466 2221 1609 2261 recepta

980 2281 1110 2305 utrum
1132 2271 1203 2307 sint
1226 2269 1370 2306 scholae
1391 2281 1486 2318 quae
1505 2278 1606 2305 rece·

978 2326 1124 2372 perint,
1166 2339 1210 2360 an
1245 2325 1409 2360 Romani
1435 2323 1605 2359 rhetore·

981 2380 1050 2427 qui
1081 2393 1100 2414 a
1130 2379 1280 2415 scholis.
1342 2378 1450 2414 Prius
1479 2387 1605 2410 tamen

977 2435 1108 2470 verius
1131 2446 1239 2484 puto,
1272 2444 1309 2468 et
1327 2438 1471 2478 accepta
1489 2430 1531 2465 in
1553 2428 1605 2465 al-

978 2499 1055 2523 tera
1084 2490 1230 2524 ratione
1256 2485 1466 2522 «dicendum
1485 2484 1606 2526 fuiss'e,

979 2543 1085 2592 quod
1117 2555 1240 2579 tamen
1270 2538 1541 2576 excludebatur
1558 2540 1604 2576 ab

977 2598 1048 2633 illo
1074 2611 1200 2647 prope.
1243 2594 1437 2631 Gallaeum
1460 2594 1607 2644 scholas

978 2653 1044 2688 hic
1069 2651 1312 2701 provinciales
1345 2651 1603 2697 agnoscentem

975 2707 1060 2743 satis
1078 2707 1217 2756 probo,
1246 2706 1319 2740 nisi
1339 2705 1438 2740 forte
1458 2715 1604 2753 graecas

975 2762 1017 2800 in
1037 2762 1115 2814 ipsa
1133 2761 1228 2799 urbe
1250 2770 1354 2805 notat
1371 2760 1507 2798 noster.
