1676 3028
301 280 398 330 504
540 278 544 286 ‘
596 269 669 316 M.
715 271 849 317 FAB.
897 268 1307 329 QmN‘nmANl

230 408 275 450 34
303 395 426 461 ipsa.
461 394 666 461 Quibus
697 410 810 458 ego,
832 409 950 441 cum
975 391 1039 440 de
1062 407 1181 439 meo
1202 392 1433 455 primum
1457 403 1676 458 operewfi

305 470 647 535 respondero,
695 471 847 517 etiam
885 485 982 533 pro
1022 468 1151 515 boni
1194 467 1299 514 viri
1339 461 1542 525 officio,
1576 466 1619 515 si

309 545 520 612 quando
559 561 679 592 eum
717 544 780 591 ad
813 540 1169 590 defensionem
1206 542 1510 597 nocentium
1541 558 1620 589 ra-

311 624 387 669 tio
416 620 635 676 duxerit,
658 618 969 667 satisfaciam.
1049 620 1285 665 Tractare
1308 617 1466 672 enim,
1492 632 1622 679 quo-

312 695 476 744 modo
507 706 595 742 aut
625 712 723 760 pro
761 692 921 750 falsis,
970 703 1058 740 aut
1096 693 1247 739 etiam
1283 707 1380 756 pro
1421 689 1625 750 injustis

316 769 596 833 aliquando
617 769 842 826 dicatur,
879 785 989 817 :non
1031 765 1101 814 est
1139 766 1353 823 inutile,
1389 765 1476 814 vel
1505 781 1628 828 pro-

315 856 432 911 pter
460 845 561 893 hoc
595 842 791 901 solum,
842 854 902 892 ut
941 859 999 891 ea
1025 841 1230 890 facilius
1265 851 1316 889 et
1342 839 1630 905 deprehen-

319 920 523 977 damus,
563 929 614 967 et
630 918 926 967 refellamus
937 935 951 977 ;
992 915 1631 982 quemadmodumreme·

321 995 408 1044 dia
433 996 621 1044 melius
647 994 929 1051 adhibebit,
969 995 1054 1042 cui
1086 1002 1224 1049 nota,
1270 996 1403 1055 quae
1421 998 1629 1046 nocent,

245 1092 291 1129 35
321 1069 534 1119 fuerint.
635 1072 826 1132 Neque
867 1070 1008 1116 enim
1039 1067 1357 1123 Academici,
1414 1081 1532 1113 cum
1571 1063 1632 1111 in'

321 1157 595 1208 utramque
643 1142 991 1192 differuerunt
1025 1152 1248 1207 partem,
1303 1157 1412 1189 non
1452 1138 1632 1187 secun-

323 1220 453 1268 dum
491 1221 696 1267 alteram
729 1220 937 1267 vivent:
979 1234 1073 1265 nec
1094 1216 1380 1266 Carneades
1400 1215 1507 1271 ille,
1536 1212 1633 1276 qui

323 1297 522 1343 Romae
554 1294 796 1341 audiente
830 1292 1078 1342 Censorio
1107 1293 1303 1340 Catone
1328 1306 1435 1338 non
1462 1289 1634 1336 mino·

321 1371 469 1418 ribus
519 1369 721 1418 viribus
763 1379 940 1417 contra
979 1365 1227 1426 justitiam
1258 1365 1450 1413 dicitur
1488 1359 1635 1410 diffe-

322 1443 504 1500 ruiffe,
543 1434 697 1509 quam
732 1442 904 1508 pridie
938 1459 1036 1509 pro
1073 1439 1265 1500 justitia
1296 1439 1517 1494 dixerat,
1555 1438 1637 1484 in-

323 1518 488 1580 justus
530 1517 637 1582 ipse
671 1519 753 1565 vir
781 1516 899 1564 fuit.
996 1518 1188 1562 Verum
1226 1525 1278 1562 et
1299 1517 1475 1562 ‘virtus
1505 1509 1637 1574 quid

327 1593 406 1651 sit,
446 1591 655 1641 adversa
689 1593 739 1639 ei
768 1591 963 1639 malitia
993 1589 1200 1653 detegit,
1241 1599 1293 1636 et
1318 1590 1550 1652 aequitas
1572 1583 1637 1633 fit

415 1781 480 1818 54.
511 1787 618 1823 opere
628 1772 820 1822 spondebo
844 1772 974 1807 Turio.
996 1770 1098 1806 Flor.
1124 1784 1157 1806 ο.
1186 1769 1408 1818 respondelm
1430 1769 1530 1805 Alm.

560 1830 742 1865 Tractare.
801 1827 861 1863 Sic
882 1827 1010 1862 Turio.
1040 1826 1139 1862 Flor.
1163 1827 1291 1872 Camp.
1323 1837 1354 1861 c.
1376 1824 1475 1860 Alm.
1498 1823 1641 1870 protPa·

330 1893 428 1922 ctare
454 1885 586 1920 Ambr.
611 1895 645 1922 2.
680 1897 710 1919 c.
732 1885 843 1918 Bern.
865 1882 960 1920 Jens.
987 1882 1100 1916 Tarv.
1124 1889 1347 1929 pertractare
1373 1877 1527 1927 reliqui.
1580 1875 1642 1926 fd·

331 1941 435 1975 ciliiss
454 1935 525 1975 {zon
547 1940 808 1987 depr-tendamus
829 1936 1033 1984 refellamus
1055 1937 1182 1971 Turio.
1206 1934 1241 1982 f.
1271 1943 1311 1970 ut
1330 1935 1591 1984 deprendamus
1612 1947 1642 1968 r.

330 1995 434 2032 Flor.
455 1994 490 2043 f.
511 2009 540 2030 e.
564 1995 826 2042 depr-eradamus
849 2006 879 2026 e.
902 2007 928 2026 r.
955 1992 1083 2039 Camp-

354 2092 360 2098 ’
418 2100 481 2136 35.
514 2095 550 2127 ἱη
571 2101 722 2140 utraque
741 2089 872 2127 Turic.
1148 2087 1393 2139 differuerunt.
1428 2087 1490 2124 Sic
1514 2088 1644 2136 Camp-

334 2147 569 2197 diffenserunt
589 2148 718 2182 Turio.
744 2146 845 2181 Flor.
867 2145 1039 2192 differunt
1060 2144 1177 2180 Goth.
1205 2146 1292 2186 (tac.
1317 2143 1447 2190 Gesn.)
1479 2143 1646 2178 dixerunt

334 2204 433 2242 Jens.
464 2206 551 2248 (tac.
580 2203 710 2247 Gesn.)
742 2202 854 2237 Tarv.
886 2199 1085 2249 differunt,
1117 2199 1290 2234 suadente
1324 2199 1466 2246 Regio,
1492 2196 1645 2244 reliqui.

608 2260 741 2293 vivent.
800 2257 859 2290 Sic
888 2256 1018 2290 Turio.
1049 2254 1150 2290 Flor.
1184 2255 1314 2303 Camp.
1340 2255 1467 2289 vivunt
1491 2251 1646 2300 reliqui.

610 2325 673 2346 nec
703 2311 917 2348 Carneades.
985 2309 1045 2345 Sic
1073 2309 1203 2345 Turic.
1232 2309 1334 2344 Flor.
1368 2309 1498 2356 Camp.
1529 2305 1646 2342 Goth.

336 2366 424 2418 (tac.
453 2365 582 2412 Gesn.)
613 2380 657 2401 ne
685 2369 724 2403 C,
755 2366 885 2400 Ambr.
912 2374 947 2399 2.
981 2364 1104 2400 Guelf.
1133 2377 1195 2398 nec
1223 2365 1312 2400 Am.
1345 2363 1444 2401 Voss'.
1469 2371 1505 2405 5.
1533 2373 1646 2408 neque

338 2426 379 2461 C.
409 2424 562 2471 reliqui.
595 2422 790 2457 minoribus
819 2420 935 2456 verbis
967 2420 1105 2467 Campi
1129 2421 1161 2453 ei
1188 2421 1351 2455 maliciae
1380 2418 1485 2454 Plor.
1511 2428 1555 2451 ox
1579 2416 1647 2448 ini-

339 2492 430 2527 quae
450 2477 708 2526 contemplatio
731 2476 860 2512 Turic.
881 2477 908 2510 F
911 2474 982 2510 lor.
1004 2483 1131 2511 contra
1149 2474 1204 2509 his
1220 2474 1324 2523 prob.
1346 2472 1477 2509 Turio.
1495 2483 1526 2506 c.
1543 2469 1645 2506 Alm.

394 2638 461 2675 55.
483 2631 888 2667 Carneades—dicitur
900 2627 970 2677 dis-
1027 2629 1098 2664 [ius
1131 2635 1274 2667 narrat.
1311 2626 1479 2661 Lactant.
1513 2622 1647 2660 Divin-

336 2685 492 2734 Jeruiffe.
514 2687 559 2721 cf.
586 2687 632 2721 ad
653 2694 688 2725 2,
715 2694 775 2729 15,
791 2694 853 2727 25.
871 2686 971 2720 Con·
1027 2681 1142 2719 Instit.
1166 2689 1203 2725 5,
1226 2690 1288 2726 13.
1314 2691 1351 2716 et
1375 2681 1437 2716 16.

339 2739 482 2776 [ulatur
510 2751 647 2782 autem,
682 2741 753 2790 qui
791 2739 883 2775 haec
916 2739 975 2775 fu·
