1676 3028
390 154 556 200 INST.
594 120 875 200 onnon.
903 153 1034 198 Lm.
1072 152 1146 208 x,
1191 161 1236 206 5.
1395 166 1490 212 177

137 281 367 330 exerceri
397 278 608 330 solebat.
690 277 1046 330 Hisconfinis
1090 278 1163 327 est
1197 276 1485 330 destructio
1512 300 1561 327 ιι

135 367 189 406 et
217 357 553 407 confirmatio
595 351 985 410 sententiarum.
1063 358 1207 406 Nam
1256 373 1379 406 cum
1423 357 1490 406 fit

135 433 392 484 sententia
455 434 728 489 decretum
787 433 1062 500 quoddam
1126 445 1283 500 atque
1339 450 1490 500 prae-

137 522 349 576 ceptum
362 529 376 571 ;
435 511 588 577 quod.
623 511 688 560 de
716 529 802 570 re,
864 510 1010 559 idem
1057 510 1123 559 de
1171 511 1375 572 judicio
1409 511 1489 559 rei

135 590 322 652 quaeri
353 587 534 654 potest.
626 592 767 638 Tum
797 589 906 639 loci
949 605 1286 647 communes,
1348 604 1487 652 quos

134 666 291 713 etiam
326 663 545 733 scriptos
581 665 643 714 ab
684 666 985 715 oratoribus
1021 664 1227 715 scir-nus.
1340 665 1487 714 Nam

135 742 234 806 qui
261 741 388 790 haec
424 753 561 791 recta
597 753 836 802 tantum,
906 753 957 790 et
999 744 1058 791 in
1099 744 1280 792 nullos
1314 741 1484 792 flexus

31 817 434 884 ,944recedentia
459 818 670 884 copiose
703 820 1017 877 tractaverit,
1056 821 1246 885 utique
1279 821 1338 868 in
1372 819 1483 868 illis

37 921 53 946 x
125 894 306 960 plures
339 894 591 944 excursus
625 896 1004 961 recipientibus
1038 899 1205 962 magis
1246 887 1486 945 abunda-

124 970 231 1029 bit,
258 972 463 1037 eritque
490 973 548 1020 in
572 989 756 1023 omnes
782 971 954 1022 causas
976 983 1203 1040 paratus.
1285 976 1483 1022 Omnes
1506 991 1558 1029 15

213 1115 275 1141 12.
315 1101 522 1153 destructio.
574 1105 707 1142 Turic-
737 1103 842 1141 Flor.
883 1108 901 1150 (
912 1104 978 1140 hic
1012 1119 1032 1140 a
1062 1119 1121 1155 pr.
1156 1105 1238 1152 m.)
1276 1102 1480 1154 restructio.

122 1159 197 1197 Ille
221 1174 241 1196 a
261 1161 327 1197 sec.
348 1175 400 1198 m.
431 1159 622 1210 restrictio,
656 1174 692 1198 et
712 1162 764 1197 sic
785 1162 918 1210 Camp.
937 1174 1023 1197 cum
1038 1162 1151 1198 Bodl.
1174 1163 1377 1199 Andreana
1403 1162 1462 1198 ed.

209 1219 409 1269 quoddam.
440 1219 573 1254 Turic.
602 1219 706 1255 Flor.
730 1217 815 1264 (hic
836 1232 856 1252 a
875 1231 933 1267 pr.
958 1220 1031 1265 m.)
1051 1219 1241 1255 omittunt
1261 1233 1350 1255 cum
1371 1217 1477 1254 Alm.

210 1275 257 1309 de
276 1288 325 1311 re.
358 1275 478 1311 Goth.
502 1275 600 1313 Jcns.
631 1275 720 1319 (tac.
743 1274 874 1317 Gesn.)
909 1275 955 1308 de
977 1289 1038 1310 reo
1072 1288 1160 1310 cum
1182 1276 1291 1312 Voss.
1316 1287 1351 1311 2.
1374 1273 1478 1313 Vall.

125 1341 164 1368 et
184 1330 270 1366 edd.
293 1331 452 1379 posterr.
475 1341 560 1366 ante
579 1330 691 1365 Bam.
711 1331 805 1366 item
829 1329 1101 1379 compluribus
1121 1331 1223 1380 apud
1244 1333 1379 1367 Burm.

212 1387 320 1422 idem.
350 1388 449 1425 Jens.
472 1390 559 1432 (tac.
583 1388 712 1432 Gesn.)
732 1387 772 1422 id
794 1383 844 1434 eft
875 1400 960 1422 cum
989 1387 1073 1423 edd.
1094 1387 1251 1436 posterr.
1277 1398 1362 1423 ante
1385 1387 1475 1424 Ald.

208 1444 351 1488 judicio
374 1445 428 1477 rei
447 1446 575 1493 quaeri
592 1441 724 1490 potest.
768 1443 902 1479 Turio.
934 1442 1040 1478 Flor.
1079 1444 1163 1489 (hic
1185 1440 1282 1493 apr.
1305 1457 1356 1479 m.
1373 1470 1383 1484 ,
1415 1444 1477 1479 sed

124 1500 402 1549 quaeJJ‘udicio
425 1514 495 1550 que
513 1514 551 1548 p.
584 1498 657 1535 Ille
678 1513 698 1534 a
717 1499 785 1534 sec.
806 1512 858 1536 m.
884 1500 916 1543 J'.
936 1512 1082 1549 quoque
1103 1515 1142 1549 p.
1348 1500 1478 1547 flexus

123 1557 341 1592 recedentia.
369 1556 505 1594 Turio,
528 1553 564 1603 f.
587 1549 627 1590 ai
661 1556 726 1599 (cf.
753 1569 815 1597 10,
853 1569 886 1597 1,
925 1557 1037 1602 1¹8·)
1067 1559 1248 1597 recentia,
1293 1570 1311 1591 a
1333 1557 1400 1593 sec.
1422 1570 1476 1593 m.

115 1611 152 1660 f.
177 1613 275 1649 alios
294 1613 514 1652 recedentia,
537 1623 575 1647 et
592 1613 642 1647 sic
655 1613 788 1662 Camp.
810 1613 884 1648 Sed
906 1611 1010 1648 Flor.
1031 1613 1068 1659 (a
1090 1612 1280 1663 pr.1n.)f.
1303 1615 1476 1650 recentia.

122 1668 252 1705 Guelf.
275 1667 311 1716 J.
333 1669 546 1704 recidentia.
761 1667 918 1718 copiose.
949 1669 1084 1706 Turic.
1118 1669 1314 1720 compiose.
1345 1669 1476 1707 Guelf.

121 1723 390 1774 compositione
418 1737 508 1761 cum
536 1738 658 1774 marg.
685 1725 798 1762 Basil.
825 1737 862 1761 et
880 1725 1027 1765 Vidov.
1295 1725 1475 1775 excursus.

114 1781 250 1817 Turic-
279 1780 385 1817 Flor.
416 1781 574 1830 recursus
603 1795 692 1817 cum
713 1781 816 1818 Alm.
1006 1794 1138 1818 omnes
1157 1781 1284 1831 causas
1304 1793 1475 1831 paratas.

115 1837 250 1874 Turic.
274 1839 394 1873 omnis
417 1837 526 1887 causa
539 1837 700 1886 seratas,
731 1853 751 1874 a
770 1839 837 1876 sec.
858 1851 977 1874 manu
1009 1841 1110 1874 omni
1130 1838 1243 1887 e-sbr.
1275 1838 1473 1875 Palatinus

117 1893 320 1930 Gebhardi
352 1906 386 1929 o.
409 1908 439 1929 c.
452 1893 610 1943 seratas.
647 1894 752 1932 Flor.
774 1894 813 1941 (a
829 1909 888 1944 pr.
914 1897 987 1939 m.)
1020 1909 1055 1933 0.
1074 1909 1102 1931 c.
1125 1904 1259 1936 eratus,
1291 1909 1313 1930 a
1334 1897 1401 1932 sec.
1423 1908 1476 1932 m.

113 1963 149 1988 ο.
174 1964 203 1987 ο.
223 1959 366 1998 gratus,
399 1961 437 1987 et
457 1951 508 1986 [ic
531 1950 660 1988 Guelf.
685 1953 817 2002 Camp.
842 1965 932 1988 cum
957 1951 1076 1988 Goth.
1087 1948 1137 2004 {et
1160 1952 1245 1987 edd.
1270 1962 1358 1988 ante
1378 1951 1478 1989 Obr.

118 2061 320 2098 Paradoxa
350 2062 421 2098 effe
452 2063 626 2109 ejusdem
651 2077 765 2113 gene-

116 2118 194 2158 ris,
219 2131 316 2166 quae
339 2129 376 2153 et
396 2118 474 2166 ipsa
494 2131 669 2155 maturus
688 2122 766 2167 jam

115 2183 154 2209 et
171 2173 392 2210 honoribus
413 2174 613 2211 defunctus
626 2176 765 2215 Cicero

117 2230 307 2270 tractavit.

180 2295 242 2322 12.
274 2278 467 2335 destrae-tw
499 2294 536 2322 et
568 2287 765 2335 confirma-

117 2345 171 2378 tio
185 2341 467 2391 sententiarum.
517 2344 765 2380 Transfertur

116 2399 164 2434 ad
203 2400 404 2435 sententias
446 2409 483 2434 et
521 2399 670 2436 decreta
715 2402 761 2439 ab

115 2454 345 2492 hominibus
373 2456 570 2504 proposita
588 2456 631 2491 id
656 2458 763 2506 quod

116 2511 290 2561 usurpari
334 2512 495 2562 proprie
536 2511 679 2549 solebat
716 2515 762 2550 de

116 2567 230 2605 rebus
253 2569 427 2604 narratis.
480 2569 519 2603 N
522 2569 763 2606 arrationum

118 2619 227 2658 enim'
240 2626 400 2674 proprie
424 2625 474 2660 est
505 2624 681 2670 ἀνασκευὴ
702 2626 766 2662 καῖ

115 2680 324 2724 κατασκευή.
381 2681 568 2717 Gesnerus
600 2682 656 2729 ad·
685 2697 762 2725 eos,

179 2734 282 2771 Tom.
313 2727 390 2773 [Vs

823 2078 923 2115 quos
956 2065 1220 2101 indicavimus
1246 2074 1294 2105 2,
1327 2070 1374 2108 4,
1410 2070 1473 2110 18.

823 2123 930 2157 addit
946 2121 1150 2157 Thoonem
1170 2122 1212 2156 in
1232 2133 1474 2170 progymnn.

822 2191 861 2227 p.
883 2179 1074 2214 Camerar.
1098 2177 1162 2220 64.
1195 2178 1296 2224 seqq.
1327 2178 1371 2212 In
1393 2178 1472 2212 sen-

823 2234 966 2274 tentia,
1009 2246 1106 2281 quae
1137 2232 1188 2267 est
1216 2233 1263 2267 de
1294 2233 1470 2280 re'judi-

824 2290 929 2326 cium
944 2317 953 2330 ,
985 2289 1076 2324 fieri
1096 2288 1218 2338 potest
1235 2288 1340 2323 idem
1363 2289 1470 2337 quod

822 2346 865 2382 in
883 2347 985 2382 facto
1007 2355 1173 2386 narrato,
1211 2345 1318 2393 quod
1338 2345 1388 2380 est
1408 2358 1470 2382 res

819 2403 910 2452 ipsa.
971 2402 1099 2441 Idem,
1133 2403 1202 2453 qui
1216 2401 1292 2436 hoc
1321 2413 1468 2443 monet,

821 2461 1009 2495 Gesnerus
1035 2457 1186 2505 ablegat
1204 2457 1307 2502 ad*8‚
1332 2467 1370 2502 3,
1402 2470 1467 2495 21.

821 2526 866 2551 ut
906 2513 1084 2562 destruere
1129 2514 1347 2549 ostendatur
1397 2514 1468 2550 effe

819 2571 995 2620 refutare.

877 2629 950 2663 Ioci
971 2641 1187 2668 communes,
1201 2624 1468 2678 “quos—scri—

819 2695 917 2733 ptos.
949 2684 997 2719 cf·
1012 2693 1048 2725 2,
1076 2690 1110 2728 4,
1143 2693 1209 2727 27.
1239 2690 1277 2731 4,
1311 2693 1347 2724 2,
1374 2693 1467 2728 ¹¹7·
