1676 3028
218 229 310 275 333
518 218 591 263 M.
624 219 758 263 ΕΑΒ.
793 217 1200 278 QUINTILIANI

217 360 273 392 ac
297 343 473 399 mites,
507 345 722 402 juvenes
743 337 908 387 severi
933 355 988 385 ac
1012 339 1291 398 luxuriosi,
1327 352 1518 392 matro-

216 422 328 475 nae,
365 417 587 483 puellae,
620 417 756 462 inter
773 412 822 460 se
842 410 1221 472 discernuntur,
1251 426 1394 480 pater
1411 418 1518 474 ille,

217 497 366 554 cujus
395 492 702 556 praecipuae
740 499 906 555 partes
949 487 1093 546 sunt,
1147 491 1271 553 quia
1309 491 1519 542 interim
1552 496 1554 499 ’

219 567 527 622 concitatus,
587 564 799 616 interim
830 563 962 612 lenis
1000 562 1094 619 eft,
1141 565 1299 614 altero
1335 577 1522 624 erecto,

219 644 381 690 altero
433 638 715 705 composito
763 638 833 687 est
884 637 1188 703 supercilio:
1263 649 1414 704 atque
1463 640 1523 689 id

223 714 491 766 ostendere
526 717 746 764 maxime
781 715 913 763 latus
953 714 1211 764 actoribus
1242 714 1404 764 moris
1437 713 1524 774 est,

802 868 900 903 Mox
921 867 1075 904 ancillae
1104 866 1287 903 omittunt
1306 865 1405 905 Voff.
1433 879 1466 904 ι.
1485 875 1526 912 5.

715 924 820 958 latus.
854 925 916 959 Sic
950 921 1524 970 Turic.Flor.Guelf.Ca1np.

221 878 348 905 tamen
372 867 556 916 probante
585 867 760 905 Gesnero.

214 923 325 974 sanes
352 923 455 963 Flor.

223 992 311 1014 cum
333 979 416 1016 edd.
449 989 531 1013 ante
551 977 635 1012 Ald.
655 990 729 1033 acc.
751 980 855 1014 Gern.
878 980 964 1028 Bip.
990 979 1089 1014 latiis
1109 977 1208 1015 Vall,
1241 977 1397 1025 Reliqui
1415 979 1525 1013 Laci-

220 1036 278 1069 m's
310 1048 328 1069 e
359 1047 473 1081 prava
500 1034 594 1067 latus
622 1015 675 1067 fe
691 1033 905 1081 intelligele
932 1033 1102 1081 negantis
1141 1033 1252 1081 Regii
1286 1033 1524 1078 conjecturga

220 1089 320 1124 inter
342 1102 437 1137 quos
465 1087 614 1123 silentio
639 1089 865 1124 conferentis
887 1089 1012 1136 redigi
1032 1087 1162 1123 Ambr.
1185 1099 1221 1123 2.
1242 1088 1375 1123 miror.
1405 1097 1527 1122 aucto-

220 1143 320 1180 ribus
333 1143 456 1180 Guelf.
478 1143 634 1178 moribus
653 1144 823 1179 etTuric.
836 1143 937 1181 Flor.
965 1157 1052 1179 cum
1070 1142 1170 1178 Alm.
1190 1143 1245 1177 his
1261 1141 1384 1178 Guelf.
1397 1143 1528 1191 Camp-

221 1277 287 1313 pes
303 1265 399 1306 Fata,
430 1278 542 1312 quam
566 1265 608 1299 in
626 1277 727 1300 mare
749 1263 849 1310 abje-

222 1322 317 1356 cerit
343 1321 500 1359 Atreus,
533 1319 740 1354 tractaviss'e
765 1332 849 1355 nar-

220 1386 327 1414 retur
336 1374 522 1422 ap.Schol.
535 1374 669 1422 Eurip.
683 1374 802 1419 Or.81
812 1386 849 1409 ο.

222 1440 260 1465 et
275 1429 412 1464 latinae
429 1442 583 1477 quoque
600 1429 742 1463 fuerint
755 1428 849 1464 olim

220 1484 437 1531 tragoediae
466 1486 625 1523 Atreus,
656 1483 848 1530 Thyestes,

221 1538 360 1578 Ennii,
398 1538 525 1578 Accii,
564 1538 743 1580 Pacuvii,
781 1538 851 1585 qui

222 1593 333 1628 aliter
350 1603 505 1628 tractare
519 1593 717 1641 potuerint
727 1603 849 1641 partes

220 1647 329 1684 illius
357 1648 531 1683 feminae.
593 1649 737 1686 Verum
758 1648 851 1682 haec

223 1702 352 1739 omnia
371 1714 445 1738 tam
465 1703 548 1738 sunt
574 1704 717 1738 incerta
748 1713 784 1738 et
801 1702 852 1737 la-

223 1771 318 1797 cera,
344 1768 387 1792 ut
405 1757 628 1793 tutissimum
649 1758 781 1805 utique
800 1757 854 1792 fe-

223 1813 311 1848 ciffe
345 1812 567 1854 videamur;
599 1812 854 1861 Spaldingius,

225 1868 296 1915 qui
330 1868 435 1916 quod
477 1868 722 1915 antiquiffimi
761 1867 856 1903 libri

223 1923 485 1957 ministraffent
503 1923 544 1957 in
566 1933 670 1958 textu
684 1933 854 1971 ponerer,

905 1263 1041 1298 Niobes
1068 1263 1224 1304 nomine
1249 1263 1331 1298 sane
1348 1260 1533 1298 nobil-iffi-

904 1332 966 1352 ma
994 1319 1156 1353 dramata
1175 1318 1440 1366 inscripserunt
1461 1318 1533 1352 Ae-

905 1373 1055 1419 schylus
1075 1383 1112 1408 et
1122 1372 1342 1421 Sophocles,
1363 1372 1409 1407 de
1422 1371 1529 1419 quib.

905 1428 985 1463 vid.
1004 1427 1168 1462 Brunck.
1191 1428 1234 1462 in
1253 1428 1387 1475 fragm.
1411 1426 1528 1474 Soph.

907 1482 979 1517 Sed
999 1482 1122 1516 nel'cio
1145 1496 1190 1516 an
1207 1482 1335 1516 minus
1355 1491 1454 1516 recte
1476 1479 1532 1515 di-

906 1546 1054 1571 ceretur
1097 1533 1206 1583 tristis
1238 1535 1387 1576 Niobe,
1435 1548 1532 1584 quae

906 1591 1062 1640 superba
1101 1591 1230 1638 potius
1279 1601 1315 1626 et
1351 1603 1530 1638 arrogans

906 1647 1004 1687 fuit,
1034 1659 1223 1694 quamque
1243 1647 1392 1681 nonnisi
1417 1646 1459 1679 in
1480 1644 1536 1679 ul-

909 1702 1006 1736 timo
1043 1702 1219 1736 dramatis
1266 1711 1350 1736 actu
1388 1702 1535 1735 summo

909 1757 991 1791 sane
1022 1756 1090 1803 qui
1123 1769 1291 1804 unquam
1333 1756 1408 1791 fuit
1437 1768 1536 1795 mae-

908 1824 996 1846 rore
1018 1806 1227 1859 oppress'arn
1247 1811 1456 1859 producere
1467 1814 1536 1859 po-

910 1867 987 1902 tuit
1002 1877 1125 1914 poeta.
1154 1868 1320 1901 Burru-

968 1928 1032 1965 74.
1063 1932 1178 1956 erecto
1196 1941 1251 1948 —-
1271 1920 1536 1969 compostus—-

226 1977 272 2012 de
294 1977 408 2012 altera
426 1977 600 2018 lectione,
622 1979 698 2013 sive
720 1991 760 2014 ea
773 1991 855 2013 cor-
902 1975 1109 2025 supercilio.
1140 1978 1182 2013 C.
1209 1972 1252 2011 A.
1271 1976 1468 2024 Boettiger
1493 1977 1536 2012 in

225 2033 348 2068 rectio
378 2033 449 2073 est,
484 2033 526 2067 in
546 2033 647 2069 notis
673 2045 853 2073 monens;

226 2100 321 2136 ego,
369 2088 437 2135 qui
467 2087 642 2123 lacunam
675 2089 718 2123 in
750 2102 852 2124 com-

225 2143 423 2178 mentariis
450 2142 556 2178 illius
587 2144 651 2178 hic
682 2143 853 2179 relictam

224 2198 277 2233 ita
299 2197 502 2246 explerem,
531 2208 575 2233 ut
597 2211 691 2246 quae
712 2199 758 2234 de
781 2201 855 2234 Ae·-

225 2265 319 2301 rope
337 2263 374 2287 et
395 2254 599 2300 tragoediis
620 2253 854 2290 illam‘exhi-

224 2307 405 2343 bentibus
427 2307 528 2342 mihi
545 2309 794 2344 innotuissent
813 2310 856 2344 in

225 2363 396 2401 medium
443 2363 675 2411 proferrem,
735 2375 855 2399 cetera

226 2417 447 2453 doctiorum
508 2418 679 2453 examini
738 2419 854 2454 relin-

225 2484 359 2519 quens.
405 2473 583 2508 Conferri
599 2484 724 2508 autem
747 2486 854 2521 prae-

226 2535 327 2561 terea
353 2528 505 2575 poss‘unt
531 2529 675 2576 Hygin.
703 2528 777 2564 fab.
799 2529 851 2573 86

226 2591 263 2616 et
281 2588 345 2626 83.
374 2582 502 2617 fichol.
514 2583 560 2618 ad
571 2586 660 2619 Stat.
677 2583 797 2619 Theb.
814 2589 851 2627 4,

225 2643 319 2686 507.
356 2636 398 2671 in
433 2637 584 2672 Barthii
613 2640 851 2674 Commenta·

223 2691 306 2733 rio,
335 2693 440 2730 Serv.
475 2693 522 2728 ad
552 2694 647 2731 Aen.
675 2705 736 2735 ιι,
757 2694 849 2731 262-

911 2031 1117 2066 doctiffima
1144 2030 1365 2067 Prolusione
1383 2031 1428 2066 de
1448 2033 1536 2066 Pet-

909 2087 1008 2121 sonis
1037 2087 1199 2128 scenicis,
1234 2085 1356 2134 vulgo
1421 2086 1538 2127 arvis,

909 2142 1054 2178 Vimar.
1110 2147 1226 2190 ¹794·
1275 2146 1315 2187 4.
1385 2087 1536 2190 {uA-15.

910 2208 990 2232 not.
1011 2198 1230 2234 uberiorem
1247 2196 1362 2242 hujus
1382 2196 1536 2232 locide·

911 2252 1154 2288 clarationem
1184 2266 1203 2287 a
1223 2251 1446 2300 Spaldingio
1467 2264 1534 2287 no-

909 2307 982 2343 stro
1013 2309 1264 2356 expetiverat3
1304 2307 1369 2342 cui
1395 2306 1535 2342 defide-

909 2363 969 2398 1io
1032 2362 1282 2399 satisfaciendi
1333 2360 1534 2397 confilium

911 2428 1057 2454 tantum
1086 2419 1298 2467 reperimus
1323 2417 1365 2452 in
1388 2415 1535 2451 schedis

909 2474 1009 2518 ejus,
1040 2473 1109 2509 ubi
1135 2473 1215 2522 post
1243 2470 1413 2507 notulam
1442 2483 1532 2506 con-

907 2528 1005 2563 ferre
1031 2529 1226 2575 jubentem
1255 2527 1360 2573 supra
1394 2537 1428 2565 ι,
1466 2537 1531 2566 ιι,

911 2595 971 2619 ιο.
1003 2595 1040 2619 et
1069 2583 1134 2618 hic
1164 2582 1196 2624 §0
1219 2590 1305 2627 79„
1327 2579 1531 2615 laudatam-

906 2651 980 2685 que
1018 2638 1123 2672 illam
1160 2633 1275 2684 ip'sam
1319 2634 1532 2683 Boettigeri

906 2692 1202 2730 differtationem
1261 2690 1421 2740 spatium
1465 2701 1529 2727 va-
