1676 3028
385 156 548 202 1NsT.
588 153 866 200 ORATOR.
899 152 1017 196 Lm.
1053 119 1128 208 x,
1166 162 1211 206 5.
1375 158 1466 202 ιω

119 283 392 341 materiam
423 282 542 332 stilo
589 297 749 347 quam
779 276 1095 328 velocissimo
1132 274 1357 333 volunt,
1416 283 1469 322 et

119 362 396 427 sequentes
432 361 661 408 calorem
694 368 852 422 atque
887 356 1175 421 impetum,
1240 362 1468 401 extem-

120 456 252 507 pore
272 437 534 495 scribunt3
574 436 708 484 hanc
728 431 928 506 filsvam
958 441 1175 482 vocant:
1217 437 1467 495 repetunt

64 528 71 537 ‘
121 516 333 573 deinde,
374 525 425 562 et
451 522 808 579 componunt,
849 526 983 575 quae
1009 506 1336 558 effuderant:
1375 503 1467 553 secl

119 594 281 655 verba
305 589 654 639 emendantur
684 598 734 636 et
765 588 995 644 numeri,
1027 596 1203 636 manet
1229 586 1286 633 in
1306 582 1467 632 rebus

120 680 318 719 temere
340 665 609 732 congestis,
650 680 783 732 quae
803 663 925 722 fuit,
962 664 1161 713 levitas.
1214 661 1465 711 Protinus

123 763 250 811 ergo
280 744 532 794 adhibere
563 759 742 791 curam
784 742 976 791 rectius
1006 742 1130 798 erit,
1190 749 1356 803 >atque
1401 735 1465 784 ab

121 823 279 872 initio
299 820 369 870 sic
397 838 529 885 opus
555 819 766 877 elucere,
807 830 868 867 ut
900 817 1225 875 caelandum,
1264 830 1372 865 non
1402 829 1466 862 ex

120 901 328 964 integro
368 895 736 947 fabricandum
780 894 858 943 sit.
941 894 1245 960 Aliquando
1289 900 1466 940 tamen

119 972 336 1024 affectus
372 972 662 1039 sequimur,
702 973 761 1020 in
794 964 991 1037 quibus
1027 970 1138 1020 fere
1156 972 1280 1038 plus
1308 969 1466 1027 calor,

118 1107 277 1157 posterr.
310 1117 396 1142 ante
413 1104 525 1142 Bam.
557 1107 655 1140 Sunt
682 1104 776 1140 haee
807 1105 1014 1140 tentamina
1043 1103 1274 1140 emendandi
1305 1101 1468 1138 monstri

118 1163 229 1200 illius
258 1163 391 1200 Tul-ic.
419 1163 461 1198 in
491 1175 569 1211 quo
600 1172 727 1197 tamen
752 1160 856 1197 nihil
886 1160 979 1197 latet
1007 1162 1082 1197 nisi
1101 1161 1225 1197 nostra
1242 1161 1331 1210 ipsa,
1363 1169 1468 1195 ante-

121 1221 278 1255 cedente
308 1220 460 1257 vitium,
508 1219 731 1265 insequente
762 1218 900 1254 decurr.
1148 1218 1290 1254 volunt.
1331 1216 1466 1252 Turic.

119 1275 266 1315 velunt,
296 1288 315 1310 a
337 1275 473 1310 [emm.
504 1275 614 1310 velut.
675 1277 734 1309 An
765 1274 842 1309 fuit
875 1274 1022 1310 velint?
1059 1273 1106 1310 cf.
1137 1278 1171 1322 ᾗ.
1201 1288 1258 1310 ιι.
1309 1273 1469 1320 Frigere

122 1332 281 1368 videtur
313 1330 413 1366 illud
443 1332 584 1368 volunt.
633 1331 757 1365 Unam
788 1331 874 1366 vidi
903 1330 1015 1366 Leid.
1044 1330 1111 1365 hic
1139 1330 1322 1379 protinus
1353 1328 1471 1375 subji-

123 1387 289 1427 cientem
329 1387 422 1423 hanc
443 1385 531 1436 silv.
559 1400 638 1422 voc.
675 1386 899 1435 parentheti
928 1386 1041 1428 loco;
1090 1387 1267 1422 ordinem
1299 1385 1472 1422 Gibsono

119 1444 262 1479 merito
298 1443 576 1492 improbatum.
853 1451 985 1478 manet.
1037 1443 1169 1478 Tui-ic.
1210 1447 1260 1488 (a
1289 1444 1356 1478 sec.
1388 1445 1471 1486 m.)

120 1509 280 1542 mactent,
306 1500 416 1535 etsie
437 1499 556 1536 Goth.
579 1499 677 1538 Jcns.
699 1500 787 1543 (tae.
812 1500 941 1542 Gesn.)
968 1499 1101 1547 Camp.
1125 1512 1212 1534 cum
1234 1499 1339 1536 Voff.
1364 1507 1400 1533 2.
1436 1509 1474 1534 et

119 1555 204 1592 edd.
237 1566 321 1592 ante
340 1556 452 1592 Bam.
674 1553 864 1604 congestis.
895 1555 1028 1591 Turio.
1058 1553 1246 1604 comestis,
1278 1570 1297 1590 a
1319 1557 1387 1591 see.
1412 1569 1463 1590 m.

118 1615 310 1653 contextis,
343 1623 380 1648 et
401 1613 451 1648 sic
472 1610 577 1647 Flor.
603 1611 683 1655 (sed
706 1626 725 1646 a
750 1626 808 1661 pr.
831 1625 882 1648 m.
915 1609 1115 1660 contestis).
1144 1612 1192 1648 cf.
1222 1626 1283 1653 ιο,
1315 1623 1351 1656 7,
1389 1613 1453 1648 16.

198 1668 293 1717 fuit.
326 1669 443 1705 Goth.
468 1666 575 1715 fudit:
605 1681 692 1703 cum
716 1670 820 1707 Voff.
844 1679 881 1706 2.
911 1669 1010 1708 Jens.
1034 1679 1071 1705 et
1091 1658 1176 1705 ed⁴d.
1199 1669 1360 1719 posterr.
1381 1659 1467 1704 a⁸nte

118 1723 230 1761 Bam.
260 1723 387 1760 Placet
406 1725 586 1766 Gesnero,
620 1725 832 1761 immerito.

208 1788 270 1825 ²8·
303 1782 483 1818 Protinus.
515 1780 642 1817 Guelf.
676 1781 846 1830 Propter.
1077 1782 1303 1819 caelandum.
1332 1782 1465 1830 Camp.

121 1836 312 1873 edendum.
336 1837 436 1874 Alm.
466 1838 666 1873 celandum,
889 1836 1087 1887 sequimur.
1123 1840 1185 1874 Sic
1206 1838 1339 1874 Turic-
1361 1837 1465 1874 Flor.

123 1893 257 1942 Camp.
278 1894 376 1932 Jens.
399 1897 486 1939 (tac.
506 1894 637 1940 Gesn.)
669 1906 756 1929 cum
778 1894 883 1933 Voss'.
907 1905 943 1931 2.
972 1895 1111 1942 (Goth.
1131 1907 1211 1931 non
1230 1894 1469 1934 notavimus,

186 2015 250 2050 17.
278 1993 417 2051 volunt.
449 2005 496 2042 cf.
517 2017 599 2043 not.
623 2006 709 2042 erit.
822 2007 958 2044 futuro
982 2021 1080 2057 opus
1102 2009 1147 2044 sit
1171 2009 1213 2044 iu
1233 2007 1379 2049 verbm
1409 2007 1472 2043 sed

174 2060 311 2110 filvam
339 2070 485 2098 vocant.
539 2064 585 2098 Iu
605 2063 678 2098 hac
695 2075 767 2099 vo·
825 2077 904 2112 quo
942 2065 1139 2100 interdum
1177 2065 1317 2112 spectet
1352 2064 1472 2101 confi-

92 2115 97 2122 ’
126 2117 255 2155 cabuli
291 2118 474 2167 potestate
511 2118 772 2154 conferendus
825 2119 924 2155 lium
955 2122 1101 2158 orantis
1133 2121 1369 2161 ostenditur,
1403 2122 1469 2158 cui

125 2174 295 2210 maxime
317 2174 456 2210 Cicero
470 2200 479 2214 ,
513 2175 583 2222 qui
601 2174 704 2222 saepe
727 2187 769 2209 ea
825 2176 910 2211 sane
929 2175 1036 2212 illam
1049 2203 1060 2217 ,
1088 2178 1199 2223 cujus
1218 2187 1303 2212 ante
1322 2179 1471 2215 mentio

125 2230 264 2266 utitur.
312 2229 383 2265 Sed
406 2228 490 2264 loca
513 2230 770 2265 demonstran-
826 2232 924 2273 fuit,
953 2232 1202 2269 velocitatem
1230 2235 1353 2282 magis
1382 2247 1472 2271 con-

125 2297 189 2323 tur
213 2287 255 2321 in
268 2285 436 2325 Lexicis,
469 2286 540 2322 ubi
560 2296 598 2321 et
622 2285 771 2335 reliqua
830 2287 992 2330 ducere,
1043 2303 1158 2338 quam
1199 2289 1472 2328 consideratam

126 2340 173 2378 de
193 2342 262 2377 hac
284 2354 382 2378 voce
401 2341 628 2390 quaerenda.
829 2344 948 2380 nimis
971 2345 1226 2395 diligentiam.
1271 2349 1328 2382 Ita
1350 2347 1472 2383 modo

828 2403 863 2448 ᾗ.
884 2408 945 2444 ¹5·
976 2415 1073 2450 quae
1094 2403 1139 2438 fit
1156 2414 1342 2452 perpetu!-
1363 2415 1473 2440 natu-

185 2461 248 2499 ¹8·
279 2467 372 2503 opus
402 2454 540 2490 ducere.
592 2453 638 2489 cf.
671 2454 772 2489 dicta
827 2470 891 2492 rae
923 2458 1022 2494 ratio
1062 2458 1338 2502 definiebatur,
1369 2474 1476 2511 prae-

125 2510 174 2546 ad
198 2522 234 2550 2,
259 2521 319 2555 17,
344 2520 381 2555 3.
414 2521 452 2546 et
472 2511 604 2547 Burm.
628 2511 672 2545 ad
686 2509 771 2550 Val.
820 2511 965 2563 scribit,
992 2528 1073 2551 non
1093 2515 1200 2563 quid,
1230 2527 1335 2553 certo
1369 2517 1475 2565 cogi-

89 2570 99 2599 t
125 2565 246 2603 Flaec.
275 2581 309 2608 1,
342 2573 434 2615 429.
599 2594 603 2597 «
831 2570 939 2605 tandi
970 2572 1090 2607 modo
1120 2571 1322 2622 usurpato,
1359 2587 1473 2609 even·
1512 2592 1515 2595 *

185 2622 398 2671 Aliquando
422 2642 472 2650 --
489 2622 687 2673 sequimur.
726 2625 773 2659 In
831 2636 963 2662 turum
982 2627 1041 2664 fit.
1062 2628 1266 2678 Sequimur,
1288 2630 1475 2680 interpre-

127 2678 236 2716 hiace
253 2691 334 2715 non
357 2679 407 2715 est
425 2691 698 2731 praeceptum,
731 2692 776 2718 ut
832 2691 912 2718 tare
923 2681 1117 2733 sectamur,
1149 2688 1365 2735 quaerimus.
