1676 3028
255 254 348 310 556
564 255 636 300 M.
671 254 802 300 FAB.
840 249 1246 308 QUI'NTILIANI
1314 260 1317 262 ’

187 431 190 434 Α
252 378 493 444 protinus
526 379 686 426 altero
720 376 932 442 spiritus
961 376 1116 424 initio
1138 375 1400 440 insequar:
1438 392 1559 439 cum

252 454 382 502 illuc
415 469 625 508 venero,
661 451 840 515 Atque
862 451 999 499 altae
1020 454 1214 499 moenia
1226 452 1437 510 Romae,
1468 452 1558 500 de-

257 545 478 593 ponam,
517 537 567 574 et
595 526 862 584 morabor,
899 537 949 574 et
984 543 1187 574 novum
1214 525 1389 575 rursus
1414 543 1561 576 exor-

182 612 234 653 39
258 604 406 652 dium
425 600 622 649 faciam.
693 604 825 650 Sunt
844 600 1124 666 aliquando
1145 611 1196 648 et
1217 599 1326 650 sine
1349 599 1562 666 respira-

253 680 398 726 tione
431 677 685 740 quaedam
723 692 898 724 morae
928 677 1084 724 etiam
1123 677 1180 723 in
1207 674 1463 740 periodis:
1502 685 1562 724 ut

252 754 312 801 in
333 752 439 809 illa,
462 754 527 799 In
549 763 688 800 coetu
709 768 833 801 ‘vero
853 752 1033 815 populi
1051 752 1286 807 Romani,
1306 752 1563 818 negotium

250 825 505 892 publicum
525 844 724 895 gerens,
746 824 995 895 magister
1017 829 1352 890 equicum‚etc.
1391 824 1565 873 Multa

254 903 487 952 membra
527 903 707 960 habet;
758 901 933 951 sensus
965 903 1104 950 enim
1140 899 1260 948 sunt
1293 901 1382 948 alii
1409 909 1564 962 atque

257 978 376 1026 alii:
407 988 457 1026 et
480 976 611 1025 licut
625 994 728 1026 una
748 977 1122 1025 circumductio
1147 974 1232 1033 est,
1252 976 1323 1023 ita
1346 975 1565 1039 paulum

253 1052 569 1101 morandum
594 1053 652 1100 in
683 1053 766 1100 his
792 1052 1102 1108 intervallis,
1138 1067 1249 1098 non
1282 1051 1564 1098 interrum-

254 1127 460 1193 pendus
495 1126 567 1175 est
595 1137 874 1176 contextus.
950 1125 1050 1176 Sed.
1081 1143 1110 1174 e
1139 1126 1394 1175 contrario
1414 1123 1564 1190 spiri-

339 1288 405 1328 59.
431 1282 467 1314 in
486 1281 659 1327 periodis.
689 1279 820 1316 Turio.
842 1282 993 1327 inperio.
1025 1278 1127 1315 Flor.
1150 1280 1187 1313 in
1206 1278 1344 1327 periho.
1374 1276 1564 1322 Compen-

257 1335 368 1372 dium
393 1334 493 1370 illud
521 1335 646 1371 Guelf.
668 1346 705 1370 et
725 1335 840 1371 Goth.
859 1336 956 1374 Jens.
978 1338 1065 1378 (tac.
1085 1334 1209 1376 Gesn.)
1227 1342 1376 1368 mutant
1394 1328 1564 1377 expreffo

255 1392 336 1439 ipso
355 1399 391 1426 ec
412 1400 527 1426 cetera
549 1390 740 1434 cum,edd.
763 1401 847 1426 ante
869 1390 1014 1438 Gryph.
1037 1389 1101 1433 (cf.
1126 1396 1162 1433 5,
1185 1401 1200 1422 .ι
1214 1389 1357 1435 1,‘12·)

364 1446 498 1481 Multa
529 1445 686 1480 membra
716 1445 836 1480 habet.
881 1447 966 1480 Hoc
997 1445 1132 1480 ordine
1160 1444 1238 1478 mei
1273 1453 1420 1491 praeter
1448 1439 1564 1485 Goth.
1638 1478 1648 1484 ,

255 1503 351 1540 Jens.
379 1500 463 1536 edd.
486 1500 641 1548 posterr.
665 1509 748 1534 ante
771 1500 880 1534 Leid.
902 1500 1007 1534 Gesn.
1027 1499 1115 1546 Bip.'
1139 1499 1195 1532 Hi
1215 1498 1315 1532 enim
1334 1497 1448 1531 multa
1466 1495 1499 1530 h.
1514 1507 1564 1530 m.

253 1557 303 1591 Id
329 1555 401 1590 soli
420 1557 659 1600 conjecturae
683 1553 773 1589 dedi
792 1554 1047 1593 Gesnerianae,
1074 1553 1180 1600 quod
1208 1564 1295 1586 cum
1317 1551 1398 1603 ipso
1421 1560 1457 1584 et
1474 1549 1560 1595 Bip.

254 1611 385 1659 scripsi
422 1610 530 1644 habet
564 1608 746 1656 lingulati
775 1621 958 1648 nurnero,
998 1608 1133 1643 ceteris
1169 1607 1346 1642 omnibus
1373 1603 1563 1654 pluralem

256 1665 549 1702 ostendentibus.
811 1673 847 1698 ec
897 1666 968 1697 icul:
990 1680 1043 1690 —-·
1063 1663 1314 1698 circumductio
1337 1659 1397 1708 est.
1430 1659 1559 1694 Turio.

248 1720 406 1770 suanam
427 1719 772 1754 circumductionem.
802 1718 904 1754 Flor.
933 1719 1062 1765 Camp.
1076 1716 1144 1764 sub
1166 1730 1272 1752 unam
1296 1716 1562 1751 circumductio-

254 1790 339 1811 nem
368 1786 458 1810 cum
485 1773 585 1808 Alm.
610 1773 710 1809 Vols.
730 1782 764 1807 2.
793 1773 909 1808 Goth.
934 1773 1030 1816 (nisi
1051 1772 1155 1819 quod
1174 1771 1240 1806 hic
1258 1770 1363 1806 addit
1384 1771 1428 1806 ab
1449 1769 1564 1804 initio

257 1829 506 1879 aliquando).
548 1837 584 1863 et
615 1842 721 1862 unam
747 1829 1081 1862 circumductionem
1113 1826 1246 1862 Ambr.
1278 1837 1314 1862 2.
1350 1825 1444 1861 Obr.
1467 1823 1566 1872 ficut

256 1899 368 1922 unam
398 1885 732 1919 circumductionem
750 1883 850 1922 Voss'.
871 1892 908 1927 5.
937 1881 1034 1930 sicut
1063 1896 1135 1916 una
1154 1896 1182 1918 c.
1204 1895 1234 1916 e.
1268 1880 1368 1919 Vols.
1394 1893 1428 1915 ι.
1458 1877 1564 1914 Mihi
1606 1875 1612 1880 ’

255 1941 395 1989 liquet,
423 1941 467 1975 in
496 1937 739 1974 vetustiffimo
770 1951 922 1986 quoque
954 1937 1022 1972 effe
1042 1937 1111 1986 sub
1139 1952 1175 1975 u.
1217 1936 1562 1972 circumductionem.

258 1998 314 2031 Ut
333 2006 457 2031 autem
478 2005 555 2030 tota
575 1994 666 2028 haee
686 1992 781 2041 ῥῆσις
796 1994 838 2029 in
857 1993 1009 2041 vulgata
1030 1992 1186 2030 laborat,
1211 1992 1262 2026 ita
1282 1990 1376 2027 Obr.
1395 1990 1563 2025 maximo

259 2051 492 2099 sequendum
528 2062 616 2084 reor
645 2049 899 2084 restituentem
926 2049 1007 2090 fic:
1052 2058 1132 2090 „ut
1162 2047 1262 2081 enim
1291 2045 1359 2080 illa
1385 2047 1429 2080 In
1458 2054 1562 2080 coetu

257 2119 370 2148 „vero
391 2125 443 2132 —
463 2115 529 2140 etc.
551 2104 671 2139 multa
691 2105 860 2140 membra
887 2104 1028 2138 habent
1049 2102 1306 2148 (sensusenim
1324 2101 1408 2136 sunt
1424 2101 1492 2136 alii
1512 2110 1565 2135 at-

258 2175 360 2208 „que
382 2161 450 2196 alii
464 2161 530 2195 sub
543 2173 654 2194 unam
673 2160 1080 2202 circumductionem);
1103 2158 1156 2192 ita
1175 2157 1564 2205 paulum—contex-

256 2223 392 2256 „tus.“
422 2216 663 2266 Geminatum
677 2214 895 2250 breviffimo
907 2213 1109 2249 intervallo
1131 2215 1225 2247 enim
1241 2213 1343 2251 nihil
1358 2208 1566 2250 moramurj

259 2271 308 2306 cf.
331 2271 375 2311 6,
406 2279 450 2314 5,
477 2277 511 2313 4.
535 2280 571 2305 et
588 2270 706 2304 modo
723 2269 754 2312 ᾗ.
780 2279 844 2312 50.
866 2278 930 2311 51.
954 2268 1023 2317 sub
1045 2282 1130 2304 cum
1152 2268 1361 2303 accusativo
1381 2267 1564 2303 structum

261 2326 352 2361 vide
378 2327 477 2374 apud
507 2324 701 2361 Drakenb.
726 2326 771 2358 ad
791 2324 879 2358 Liv.
901 2335 936 2364 2,
961 2331 1022 2366 55,
1051 2337 1080 2359 1.
1110 2323 1358 2358 circumductio
1379 2322 1428 2357 est
1445 2323 1564 2370 perio-

261 2381 338 2421 dus,
361 2382 407 2418 cf.
429 2394 475 2428 9,
505 2386 544 2426 4,
576 2387 664 2424 ²¹8·
694 2379 808 2427 paulo
830 2391 901 2427 pro
922 2380 1071 2427 paulum
1091 2378 1186 2416 Jens.
1210 2381 1297 2422 (tac.
1323 2378 1448 2422 Gesn.)
1473 2389 1562 2412 cum

262 2436 347 2471 edd.
379 2437 535 2485 posterr.
567 2445 650 2470 ante
680 2434 764 2470 Ald.
1020 2435 1091 2468 Sed
1116 2447 1135 2467 e
1154 2435 1347 2468 contrario.
1378 2432 1439 2466 Sic
1457 2430 1560 2467 Flor.

261 2490 392 2540 camp.
413 2504 499 2528 cum
517 2490 617 2527 Alm.
657 2491 728 2525 Sed
749 2504 766 2524 e
783 2499 797 2523 t
816 2491 1016 2526 contrarios
1037 2489 1166 2524 Turio.
1206 2487 1282 2522 Hic
1301 2487 1393 2522 item
1410 2485 1562 2534 spiritus

316 2632 380 2670 59-
427 2624 523 2671 sicut
550 2642 605 2652 —
633 2623 882 2659 circumductio
938 2622 1141 2669 ripiendum
1160 2617 1339 2669 spiritum
1357 2618 1404 2654 cf.
1417 2617 1464 2653 ad
1475 2622 1513 2661 4.
1526 2629 1560 2658 ι,

259 2676 332 2726 ests
347 2679 392 2714 cf.
412 2690 491 2714 not.
513 2680 595 2714 crit.
628 2680 754 2713 Locus
777 2679 883 2712 Cice·
938 2683 1003 2723 78.

257 2734 364 2771 tonis
384 2734 431 2770 est
459 2734 625 2783 Philipp.
650 2744 694 2773 2,
715 2740 776 2778 25.
797 2732 881 2783 sut-
