1676 3028
381 272 545 318 1Ns‘r.
582 260 857 316 ORATOR.
891 268 1013 339 ΗΒ.
1042 267 1139 325 XI,
1178 278 1224 322 3.
1373 276 1466 322 531

107 431 117 436 -
139 398 290 467 quod
316 399 592 465 pleraque,
631 398 787 446 etiam
822 395 948 443 citra
970 393 1159 452 verba,
1195 390 1469 459 significat.

139 478 350 547 Quippe
383 493 495 526 non
530 491 716 524 manus
747 471 944 530 solum,
1000 469 1090 520 sed
1119 480 1283 519 nutus
1315 470 1472 518 etiam
1493 476 1548 514 66

138 552 402 602 declarant
420 550 649 601 nostram
674 551 1017 607 voluntatem,
1037 558 1088 597 et
1107 549 1166 596 in
1187 548 1350 597 mutis
1370 563 1470 612 pro

135 628 376 679 sermone
407 627 556 686 sunt,
595 638 645 676 et
666 625 863 675 saltatio
882 624 1187 691 frequenter
1205 623 1317 672 sine
1335 639 1471 673 voce

136 707 454 771 intelligitur
486 715 641 770 atque
666 703 840 761 afficit,
880 713 931 750 et
952 719 1015 751 ex
1035 702 1195 752 vultu
1217 698 1472 767 ingreffu-

137 798 244 848 que
266 781 580 848 perspicitur
607 782 816 830 habitus
838 781 1167 829 animorum:
1205 789 1256 827 et
1277 779 1474 827 anima-

137 860 274 908 lium
299 875 515 924 quoque
545 857 784 907 sermone
808 857 1098 906 carentium
1120 858 1222 915 ira,
1261 856 1473 913 laetitia,

138 935 368 984 adulatio
401 945 452 983 et
477 935 646 984 oculis
678 945 729 982 et
751 933 1070 999 quibusdam
1097 934 1211 982 aliis
1235 933 1472 998 corporis

135 1010 296 1076 signis
327 1010 758 1076 deprehenditur.
855 1011 972 1058 Nec
1005 1011 1228 1067 mirum,
1277 1007 1321 1058 si
1355 1009 1471 1067 ista,
1492 1019 1546 1065 67

135 1103 285 1155 quae*
303 1097 477 1137 tamen
510 1088 569 1136 in
603 1087 782 1152 aliquo
811 1084 981 1154 posita
1001 1085 1122 1136 sunt
1142 1096 1323 1144 motu,
1359 1095 1472 1135 tan-

219 1242 285 1280 66.
307 1241 480 1294 saltatio.
511 1243 574 1279 Sic
604 1243 737 1280 Turio.
769 1242 874 1280 Flor.
904 1243 1038 1281 Ambr.
1059 1253 1094 1279 2.
1125 1256 1214 1279 oum
1242 1242 1344 1279 Alm.
1366 1241 1468 1280 Vall.

132 1302 248 1342 Bern.
268 1302 403 1336 Burm.
419 1300 526 1336 Gesn.
550 1300 637 1348 Bip.
665 1299 823 1349 Reliqui
842 1299 1040 1349 salutatio.
1062 1301 1189 1336 Testes
1208 1299 1343 1335 addidi
1362 1298 1471 1335 locu-

133 1355 382 1406 pletiss'mos,
413 1369 496 1395 ‚nec
528 1356 712 1396 debebat,
751 1357 820 1406 qui
849 1356 1092 1405 obloquitur,
1116 1357 1277 1405 Capper.
1303 1354 1472 1392 diffimu-

133 1411 215 1448 lare
234 1413 499 1448 auctoritatem
521 1412 622 1450 Vall.
649 1423 685 1448 et
705 1414 817 1448 Bern.
839 1414 945 1461 quod
965 1413 1089 1462 ipsum
1110 1412 1318 1462 exprobrat
1338 1414 1470 1448 Burm-

134 1468 178 1504 in
196 1468 366 1517 Epistola
386 1469 432 1504 ad
455 1470 574 1518 Capp.
596 1482 635 1517 p.
658 1469 722 1512 63.
754 1471 1030 1506 Confusionem
1050 1469 1193 1504 horum
1206 1467 1297 1517 salt.
1315 1467 1470 1517 etsalut.

131 1525 267 1570 Burm.
295 1524 525 1560 demonstrat
549 1538 568 1560 e
596 1524 701 1560 notis
722 1526 850 1563 Jureti
870 1525 916 1560 ad
943 1524 1167 1572 Symmachi
1184 1525 1318 1572 Epifit.
1342 1531 1378 1569 8,
1405 1531 1469 1568 4¹·

133 1581 235 1621 Mox
265 1579 407 1629 adfigit
435 1580 567 1616 Turio.
601 1577 731 1630 affigit
758 1581 862 1617 flor.
895 1594 984 1635 cuns!
1012 1581 1113 1617 Alm.
1146 1583 1251 1616 Inter
1279 1581 1472 1616 declarant

134 1647 262 1672 autem
287 1647 324 1683 et
342 1634 504 1685 nostram
523 1637 654 1686 Camp.
689 1637 822 1673 inserit
842 1636 997 1687 scilicet.
1028 1638 1161 1674 Turic.
1194 1637 1291 1685 (hic
1311 1637 1472 1686 quidem

133 1694 272 1729 vultum
292 1706 362 1742 per
381 1696 572 1738 errorem)
593 1694 697 1730 Flor.
723 1695 854 1731 Ambr.
876 1704 913 1731 2.
939 1693 1066 1730 Guelf.
1089 1693 1207 1730 Goth.
1232 1696 1320 1738 (tac.
1341 1695 1471 1739 Gesn.)

133 1750 227 1784 Exc.
254 1752 406 1784 Samen.
427 1751 560 1798 Camp.
583 1748 680 1791 hoc,
712 1763 791 1798 quo
812 1763 908 1792 nos,
954 1751 1092 1786 ordine
1119 1751 1222 1786 vultu
1246 1749 1473 1800 ingreffuque

137 1816 226 1840 cum
244 1804 332 1840 Ald.
357 1805 468 1841 Bafil.
491 1805 640 1854 Gryph.
664 1806 811 1842 Rollin.
852 1807 926 1842 Sed
945 1808 1043 1844 Jens.
1070 1809 1157 1852 (tac.
1181 1807 1308 1852 Gesn.)
1333 1822 1367 1842 v.
1387 1821 1473 1855 pro-

135 1857 327 1909 greffuque
347 1873 433 1895 cum
454 1861 612 1909 posterr.
634 1862 718 1898 edd.
741 1873 826 1897 ante
846 1861 932 1897 Ald.
951 1875 1027 1899 acc.
1042 1863 1136 1903 Bad„
1169 1862 1330 1911 Reliqui
1346 1865 1369 1899 ἱ.
1393 1863 1474 1899 vul-

139 1925 258 1965 tuque.
301 1917 362 1951 Ex
390 1917 491 1954 Vols.
527 1930 560 1952 ι.
585 1928 621 1953 2.
655 1920 697 1952 In
716 1917 917 1967 progreffu.
950 1918 1067 1955 Goth.
1095 1920 1185 1965 (tac.
1210 1920 1338 1966 Gesn.)
1373 1931 1474 1956 mox

63 1978 67 1983 “
137 1971 359 2021 prospicitur
388 1986 477 2010 cum
509 1974 612 2014 Voff.
633 1983 672 2019 5.
692 1975 812 2011 modo
844 1986 971 2013 autem
993 1976 1098 2012 idem
1113 1975 1289 2028 frequens
1306 1989 1379 2027 pro
1396 1975 1475 2025 fre·

141 2038 304 2076 quenter·

227 2117 290 2163 67.
319 2119 446 2170 posita
457 2121 559 2171 sunt.
590 2125 652 2160 Sic
665 2124 912 2162 Turic.Flor.
935 2124 1062 2162 Guelf.
1078 2126 1208 2174 Camp.
1235 2123 1353 2160 Goth.
1373 2122 1473 2162 Jens.

137 2171 228 2221 (tac.
253 2177 380 2221 Gesn.)
403 2192 490 2215 cum
513 2181 598 2216 edd.
620 2191 705 2217 ante
726 2184 847 2218 Stoer.
868 2195 943 2218 acc.
967 2181 1064 2218 Obr.
1093 2181 1254 2230 Reliqui
1271 2179 1303 2230 s.
1322 2195 1362 2230 p.
1398 2178 1474 2215 Sed

139 2232 273 2270 Turio.
311 2233 415 2271 Flor.
451 2237 581 2286 Camp.
616 2247 776 2278 motum,
817 2250 855 2274 et
883 2241 1015 2287 Camp.
1046 2239 1202 2274 animali
1228 2250 1302 2287 pro
1333 2237 1472 2284 aliquo.

137 2287 243 2326 Flor.
278 2291 416 2328 volent.
474 2293 574 2329 Mox
599 2307 674 2343 pro
707 2303 829 2331 tacens
860 2296 993 2332 Turic.
1022 2295 1128 2332 Flor.
1160 2304 1301 2343 tanges.
1337 2293 1470 2328 Turio.

196 2412 263 2449 66.
298 2413 470 2464 saltatio.
514 2419 778 2455 Pantomimo-
834 2420 914 2461 „rit
931 2418 1105 2456 saltatio“
1125 2418 1218 2454 disci
1226 2416 1351 2467 poffit.
1374 2416 1422 2452 cf.
1440 2429 1475 2458 ι,

135 2480 226 2504 rum
257 2483 376 2508 artem
414 2475 681 2523 unusquisque
712 2476 780 2511 hic
839 2483 875 2520 5,
908 2477 972 2520 56.
1013 2476 1056 2511 Si
1095 2476 1181 2524 quis
1212 2475 1314 2510 forte
1344 2471 1476 2523 inc-effu

139 2527 326 2573 agnoscet,
354 2543 469 2578 quam
489 2531 566 2566 hoc
584 2531 779 2568 vocabulo
836 2532 948 2568 malit
974 2545 1047 2582 pro
1079 2529 1256 2581 ingr-effu,
1305 2530 1477 2566 conferat

137 2581 271 2618 noster
288 2585 480 2634 significat
501 2590 535 2635 ᾖ.
552 2593 617 2636 89.
655 2602 688 2628 1,
716 2602 780 2630 ιι,
837 2589 872 2625 is
894 2602 928 2630 ι,
961 2598 998 2633 3,
1030 2603 1064 2626 1.
1100 2588 1172 2624 ubi
1199 2587 1332 2623 Turio.
1367 2585 1471 2622 Flor.

145 2643 208 2682 ²8·
257 2652 318 2689 ²9·
361 2642 554 2679 indicante
604 2644 783 2681 Gesnero.
839 2646 972 2682 Ambr.
1007 2659 1042 2684 ι.
1081 2657 1236 2694 quoque
1269 2644 1378 2679 MSS.
1421 2645 1476 2677 in-

142 2692 251 2729 Idem
278 2697 461 2736 admonet
493 2699 622 2736 libelli
643 2702 782 2736 Lucia·
838 2701 998 2751 greffum
1029 2711 1208 2744 tuentur:
1250 2700 1348 2737 item
1374 2699 1475 2735 iufra

141 2748 207 2784 nei
223 2751 303 2800 περὶ
325 2753 514 2802 ὀρχήσεως,
538 2757 641 2792 unde
660 2771 782 2806 „qua-
838 2760 871 2804 §.
902 2775 917 2795 ι
932 2768 991 2796 12.

141 2803 218 2846 „lis
241 2818 278 2845 et
303 2822 463 2859 quantae
491 2814 583 2850 artis
606 2813 673 2850 illa
699 2815 781 2851 fue-
