1676 3028
358 199 524 246 INST.
561 189 839 246 ORATOR.
862 197 999 263 LIB.
1034 195 1133 251 XI,
1167 205 1212 251 3.
1341 205 1443 251 Δ35ι

99 309 314 399 yiufilla,
352 326 535 384 mollis,
575 320 910 398 effeminata:
932 318 1176 395 spiritus,
1214 339 1312 370 nec
1337 320 1450 371 bre-

99 408 217 462 vis,
253 419 352 452 nec
375 421 565 469 parurn
593 399 868 459 durabilis,
907 418 1006 450 nec
1032 403 1082 448 in
1101 411 1308 465 receptu
1338 397 1448 469 dif-

90 479 266 553 ficilis.
346 481 601 530 Dilucida
631 496 760 530 vero
789 479 891 528 eri-t
916 480 1273 543 pronunciatio
1287 514 1300 535 ,
1340 478 1449 543 pri·
1470 490 1522 527 35

100 574 272 615 mum,
309 556 534 607 fiverba
560 568 668 607 tota
689 559 920 615 exierint,
957 548 1191 621 quot-uin
1215 571 1334 621 pars
1359 554 1449 602 de-

99 626 304 694 vetari,
339 651 457 702 pars
483 631 694 704 destitui
714 633 863 693 solet,
901 634 1171 701 plerisque
1192 641 1448 681 extremas

99 709 327 778 syllabas
379 729 493 763 non
537 710 927 778 perferentibus
940 746 956 770 ‚
1021 710 1155 760 dum
1203 710 1452 776 priorum

101 892 196 928 pura
218 891 292 930 pro
313 877 419 914 dura.
662 878 701 914 in
727 888 883 928 receptu.
915 875 1049 915 Turio.
1072 876 1207 913 Ambr.
1233 888 1269 914 2.
1295 876 1318 912 ἰ.
1339 890 1447 926 prae-

101 943 208 983 cepta
238 948 326 970 cum
355 937 471 970 Bern.
517 934 589 970 Sed
615 934 720 971 Flor.
755 937 793 969 in
815 943 1052 984 praeceptum
1070 946 1160 970 cum
1179 934 1285 971 Voss'.
1301 947 1336 970 1.
1352 942 1389 976 3.
1421 935 1465 969 1'.·

98 999 312 1041 perceptum
344 990 473 1027 Guelf.
511 993 535 1027 ι’.
571 993 778 1039 interceptu
814 993 948 1041 Camp.
983 994 1008 1026 i.
1036 1000 1211 1039 perceptu
1233 991 1331 1028 Jens.
1356 1002 1446 1024 cum

104 1046 190 1082 edd.
213 1048 372 1096 posterr.
402 1057 488 1082 ante
509 1047 603 1082 Bad.
632 1048 702 1095 qui
723 1060 771 1082 ex
791 1047 893 1086 Vall.
916 1047 1103 1088 nostrum,
1126 1059 1201 1083 acc.
1226 1047 1343 1082 Goth.

190 1134 255 1171 53.
281 1125 447 1163 exierint.
472 1126 535 1161 Sic
549 1126 683 1161 Turic.
708 1118 971 1175 Florjcamp.
998 1138 1088 1161 cum
1112 1123 1214 1160 Alm.
1236 1124 1449 1160 Andr.Ald.

95 1181 202 1220 ‚obn
217 1185 401 1232 exigerint
409 1182 586 1219 Ambr.2.
598 1184 786 1230 exegerint
797 1182 926 1219 Guelf.
938 1180 1101 1231 Reliqui
1113 1184 1289 1230 exegerit.
1300 1183 1329 1217 F
1331 1181 1450 1217 rufin

86 1240 348 1284 ‚Burmannus
364 1238 562 1288 vulgatam
575 1250 705 1275 tuetur
723 1239 811 1275 loco
827 1251 862 1288 9,
879 1246 916 1284 4,
933 1238 1022 1274 106.
1044 1239 1115 1275 ubi
1127 1240 1289 1286 exigitur
1298 1238 1448 1287 signifi-

105 1306 194 1332 catu
205 1295 323 1344 longe
343 1296 437 1332 huic
452 1295 616 1332 diverso.
784 1293 1068 1344 perferentibus.
1100 1295 1164 1331 Sic
1174 1295 1306 1330 Turic-
1319 1293 1448 1330 Guelf.

105 1363 196 1388 cum
217 1351 321 1389 Alm.
340 1352 456 1390 Beni.
486 1351 648 1401 Reliqui
665 1350 955 1400 proferentibus.
994 1351 1120 1388 Modo
1135 1352 1267 1387 Turic.
1289 1364 1357 1386 nos
1374 1363 1448 1399 pro

103 1494 231 1535 dando
249 1496 411 1534 adhibet
422 1496 630 1535 Columell.
651 1511 687 1540 ι,
705 1510 744 1548 9.
802 1509 915 1548 putat
932 1494 1014 1538 ille,
1036 1496 1292 1539 ‚,inconfians‚
1313 1496 1356 1532 in
1378 1511 1453 1546 qua

99 1551 312 1602 vastitatem
333 1558 408 1590 oris
429 1566 466 1592 et
478 1565 515 1599 7,
533 1567 597 1591 12.
616 1569 746 1591 canem

99 1607 195 1660 vasti
213 1610 392 1653 latratus,
422 1621 574 1661 praeter
596 1612 748 1661 aliquot

102 1667 305 1706 Ciceronis
323 1667 409 1704 loca
420 1668 548 1704 facilia
559 1669 724 1705 inventu
736 1683 745 1704 :

101 1725 195 1762 vide
213 1733 251 1758 et
269 1725 364 1759 Ern.
391 1724 499 1761 clav.
519 1725 560 1761 h.
581 1739 620 1761 v.
641 1727 748 1761 Lon·

101 1779 192 1829 'gius
227 1780 394 1827 petitum
436 1791 473 1816 et
509 1781 640 1817 minus
672 1795 745 1829 pro

106 1834 342 1884 Quintiliani
361 1837 548 1878 candore,
579 1838 687 1885 quod
711 1848 750 1873 et

102 1893 229 1941 ipsum
250 1901 372 1927 tentat
393 1892 474 1934 ille,
496 1907 600 1934 rava,
622 1906 750 1941 „quae

104 1949 205 1990 „est,
236 1947 323 1984 teste
342 1949 462 1990 Festo,
486 1963 619 1997 parum
640 1951 751 1999 liqui-

104 2006 196 2047 ,‚da,
227 2007 399 2052 proxime
420 2019 549 2040 canum
571 2007 751 2041 latratum

41 2088 48 2096 .
105 2060 288 2111 „sonan-r,
329 2061 432 2097 unde
458 2055 629 2097 rabulae'
646 2062 754 2101 dicti,

107 2117 185 2160 „de
214 2129 291 2166 qua
309 2117 391 2153 vid.
412 2115 540 2154 Heinfi
562 2119 607 2153 ad
631 2118 752 2154 ovid.

106 2175 278 2216 „1-Am.
298 2182 358 2213 12,
382 2179 474 2222 19.“
505 2185 542 2210 et
552 2175 629 2224 ipse
648 2187 754 2222 prae—

107 2231 185 2266 fert
206 2230 383 2266 alterum.
427 2232 565 2271 Inanis,
587 2244 752 2279 quaere-

109 2287 284 2322 censetur
318 2286 420 2322 inter
460 2287 606 2323 diversa
641 2287 752 2329 vitia,

106 2341 310 2378 rectiffime
358 2354 541 2379 monetur
581 2343 753 2379 nostrum

106 2399 347 2434 vocabulum
362 2398 476 2448 plane
487 2399 620 2436 falsum
635 2399 754 2435 osten-

54 2493 58 2496 *
107 2454 212 2491 dere.
256 2456 384 2496 Varia,
408 2469 504 2505 quae
526 2456 575 2491 cst
596 2457 755 2492 Gesneri

106 2512 343 2559 conjectura,
368 2513 470 2549 forte
489 2513 533 2548 in
551 2513 630 2562 ipsa
644 2514 755 2548 Cam-

105 2568 202 2618 pani
240 2568 298 2604 ed.
333 2568 480 2617 legitur
514 2570 595 2617 (est
626 2579 756 2605 autem

103 2622 410 2673 frequentissima
439 2624 579 2660 harum
610 2638 756 2663 vocum

108 2678 359 2726 permutatio,
387 2683 470 2718 vid.
483 2682 683 2719 Drakenb.
708 2682 756 2717 ad

110 2733 202 2774 Liv-
223 2746 288 2778 22.
319 2748 356 2783 7,
379 2742 458 2786 4);
490 2749 528 2775 et
552 2739 682 2779 fuerit,
711 2749 757 2774 ut

802 1565 1007 1596 „tenorem
1056 1555 1250 1603 quendam
1303 1554 1452 1589 servare

804 1624 912 1652 „non
934 1610 1063 1660 poffis,
1078 1624 1193 1660 quam
1209 1611 1253 1646 in
1270 1610 1453 1660 potestate

803 1668 927 1708 „adeo
955 1681 1036 1703 non
1065 1667 1228 1708 habeas,
1273 1667 1334 1702 [ed
1356 1680 1452 1716 quae

807 1724 964 1766 „subito
985 1724 1028 1760 in
1050 1724 1171 1760 alium
1195 1735 1334 1760 tonum
1352 1723 1457 1772 quasi

803 1780 1043 1821 ‚,elidatur.“
1102 1780 1211 1818 Mihi
1232 1781 1388 1828 quidem
1415 1794 1457 1815 ea

805 1836 908 1871 ratio
931 1837 1097 1872 minime
1118 1836 1256 1885 placet.
1298 1837 1363 1872 Est
1383 1849 1458 1872 voa:

805 1893 914 1927 varia
945 1893 1061 1928 etiam
1093 1894 1137 1928 in
1170 1891 1284 1928 laude
1312 1892 1344 1936 §.
1366 1899 1456 1935 ¹45-

810 1949 1151 1999 Capperonnerius

810 2007 1076 2053 conjecturam
1099 2005 1268 2053 maligne
1297 2004 1458 2040 laudans

812 2071 850 2098 ot
869 2061 1048 2110 vulgatae
1067 2062 1252 2111 praefidia
1273 2073 1457 2110 quaerens

809 2117 915 2152 nihil
932 2119 1107 2167 proficit.

870 2183 935 2217 ¹53.
964 2174 1244 2224 perferentibus.
1273 2174 1365 2211 Plus
1382 2175 1460 2210 hoc

812 2231 861 2266 est
884 2243 1000 2279 quam
1030 2231 1318 2279 proferentibuS.
1379 2232 1459 2268 Vix

813 2287 917 2322 enim
946 2287 1154 2336 quisquam
1180 2297 1360 2323 extremas
1373 2286 1458 2336 syb-

812 2344 918 2379 labas
947 2343 1061 2392 plane
1094 2357 1175 2380 non
1206 2343 1361 2392 profert,
1394 2345 1457 2380 sed

810 2399 990 2449 plerique
1011 2413 1092 2436 non
1114 2401 1305 2449 perferunt
1323 2402 1373 2437 ad
1391 2414 1456 2435 au·

812 2457 966 2494 dientes.
988 2457 1034 2492 cf.
1058 2463 1082 2501 8
1107 2459 1194 2493 Pro.
1218 2468 1231 2488 ι
1245 2465 1280 2500 5.
1299 2457 1394 2493 item
1416 2463 1454 2504 4,

818 2526 852 2554 1,
886 2518 951 2557 47.
990 2510 1148 2560 Destitui
1176 2512 1334 2562 syllabas
1370 2524 1455 2549 tum

812 2579 935 2618 puto,
966 2583 1055 2605 cum
1076 2570 1126 2605 iis
1147 2569 1246 2616 justa
1261 2571 1322 2606 vis
1345 2571 1456 2606 vocis

812 2639 894 2661 non
927 2627 1142 2674 contingit3
1198 2637 1323 2675 neque
1353 2629 1459 2662 enim

813 2694 902 2718 cum
917 2683 1083 2718 Gesnero
1104 2683 1310 2732 discerptas
1335 2697 1355 2718 a
1371 2683 1461 2718 reli·

814 2740 917 2787 quis,
942 2739 1048 2781 „tine
1068 2739 1212 2788 quibus
1229 2738 1381 2789 placere
1397 2748 1462 2775 aut

1240 1948 1459 1983 Burmanni
