1676 3028
265 259 359 307 313
566 251 640 295 Μ.
676 251 808 296 FAB.
845 251 1252 311 QUINTILIANI

265 373 406 430 dicit,
451 371 632 421 similis
662 373 868 435 legenti.
946 376 1052 425 Jam
1076 389 1202 423 vero
1230 373 1272 423 si
1294 376 1452 424 litura
1480 387 1569 425 aut

267 449 483 510 adjectio
497 449 669 510 aliqua
685 457 838 510 atque
857 449 1076 496 mutatio
1088 449 1414 507 interveniat,
1424 448 1567 515 figna

265 522 384 572 sunt
417 522 697 587 quaedam,
743 538 872 586 quae
904 523 1164 571 intuentes
1196 524 1427 572 deerrare
1455 542 1568 574 non

191 613 244 649 33
265 597 544 664 possumus.
621 599 758 644 Haec
776 598 922 653 ratio,
957 608 1017 646 ut
1039 597 1110 645 est
1134 599 1230 654 illi,
1254 598 1318 646 de
1341 615 1444 662 qua
1461 603 1569 664 pri-

264 689 410 722 mum
431 673 637 723 locutus
657 669 798 729 sum,
837 674 931 719 arti
960 690 1068 721 non
1091 673 1360 743 diffimilfis,
1392 676 1489 731 ita,
1528 675 1571 724 fi

265 747 398 811 quid
433 762 516 793 me
548 749 896 810 experimenta
925 747 1244 805 docuerunt,
1283 752 1333 796 et
1364 749 1572 814 expedi-

265 824 370 871 tior
402 831 452 868 et
489 823 764 886 potentior.
852 822 1089 870 Ediscere
1133 825 1282 871 tacite
1319 826 1472 887 (nam
1513 826 1572 874 id

265 913 481 962 quoque
513 896 584 944 est
606 896 923 965 quaesitum)
945 908 1052 946 erat
1076 900 1360 964 optimum,
1397 899 1440 948 si
1462 917 1572 950 non

261 1048 358 1087 Jenss
377 1048 487 1083 Tarv.
517 1046 709 1093 Equidem
730 1046 822 1082 haee
845 1048 896 1082 ita
919 1047 1127 1095 refingam:
1171 1049 1358 1096 Sequimur
1377 1051 1471 1084 enim
1489 1064 1523 1085 v.
1537 1064 1571 1099 q.

263 1118 309 1138 m.
342 1117 371 1137 e.
403 1116 438 1138 υ.
468 1115 502 1136 ο.
534 1104 710 1136 intuemur
744 1121 795 1128 —-
825 1116 1052 1151 quaecunque
1084 1103 1234 1137 dicimus
1254 1103 1397 1152 similes
1423 1105 1571 1153 legenti.

267 1158 464 1193 Continuo
485 1157 525 1191 in
545 1154 726 1204 poffumus
745 1159 866 1205 prima
888 1159 1040 1204 persona
1059 1158 1231 1194 infertur.
1268 1159 1352 1195 Nee
1371 1161 1574 1208 quisquam

267 1213 423 1252 dixerit,
448 1213 654 1257 subjectum
675 1211 764 1246 elici
788 1227 835 1247 ex
855 1226 959 1247 nemo
978 1213 1236 1260 praecedenq,
1267 1215 1334 1249 etfi
1352 1215 1410 1251 ibi
1421 1215 1573 1264 scripse-

266 1270 315 1302 rit
346 1267 436 1302 inde
466 1276 613 1314 poterat
634 1267 819 1313 pendere,
861 1268 929 1302 ubi
948 1278 1094 1314 praeter
1121 1267 1370 1304 neceffitatem
1397 1272 1573 1306 Francius

266 1332 384 1357 tentat
393 1320 588 1369 scripseris.
621 1320 706 1355 Alia
725 1323 823 1357 ratio
845 1326 877 1369 §.
892 1323 956 1368 46.
971 1323 1038 1369 qui
1055 1322 1163 1358 locus
1185 1334 1308 1359 tamen
1326 1324 1428 1360 hunc
1449 1325 1574 1360 defen-

267 1377 356 1413 dere
376 1376 504 1412 videri
522 1376 654 1423 potest.
684 1377 775 1412 Nisi*
789 1378 887 1412 forte
905 1387 942 1413 ct
961 1377 1161 1424 legentibus
1176 1379 1391 1421 scribemus,
1405 1381 1451 1415 cf.
1463 1383 1496 1427 ᾗ.
1511 1386 1574 1424 47.

434 1440 543 1479 atque
563 1433 725 1466 mutacio.
749 1433 809 1467 Sic
829 1433 942 1467 Goth.
965 1430 1051 1482 (tac.
1072 1433 1199 1479 Gesn.)
1220 1435 1349 1483 Camp.
1374 1447 1480 1483 atque
1499 1449 1574 1470 mu-

268 1496 345 1523 tata
376 1485 794 1521 Turic.Flor.Gue1f
835 1486 992 1533 Reliqui
1017 1497 1081 1521 aut
1110 1490 1273 1524 mutatio.
1320 1491 1440 1526 Modo
1471 1489 1574 1525 Flor-

267 1543 374 1580 litore
397 1549 446 1575 ut.
483 1539 608 1575 Guelf.
642 1541 788 1575 litterae
817 1549 868 1575 ut.
911 1543 1008 1576 Mox
1028 1542 1193 1577 deerrare
1213 1543 1342 1579 Turic.
1363 1557 1517 1592 quoque
1539 1556 1576 1581 et

266 1583 368 1633 Flor.
401 1608 487 1630 cum
511 1594 610 1630 Alm.
636 1606 672 1630 et
699 1595 957 1631 Palat.Geb11.
979 1609 1055 1643 quo
1075 1609 1096 1630 a
1116 1599 1575 1636 Bunn01nderectiffime

266 1661 462 1687 mutarunt
480 1664 597 1685 errare
619 1650 859 1698 reliquorum
879 1651 974 1686 libb.
999 1651 1185 1688 omnium.

351 1726 415 1760 55.
446 1718 544 1751 Haec
564 1718 670 1751 ratio.
701 1717 841 1764 Recepi
862 1716 1012 1752 olitoris
1034 1717 1140 1753 illius
1153 1718 1297 1755 Gallaei
1320 1731 1575 1768 opportunam

268 1773 522 1817 conjecturam
552 1784 623 1818 pro
641 1771 736 1806 libb.
762 1772 935 1806 omnium
956 1769 1024 1818 Est
1045 1787 1073 1807 r.
1291 1783 1331 1809 ut
1349 1773 1398 1822 est
1417 1777 1485 1810 illi.
1515 1777 1577 1811 Sic

266 1829 302 1862 Τ
306 1828 398 1862 urie.
428 1827 455 1860 F
458 1825 530 1861 lor.
561 1825 685 1861 Guelf.
707 1827 799 1861 Exc.
829 1829 978 1862 Santen.
1001 1829 1018 1872 (
1029 1827 1280 1874 posteriorum
1302 1830 1456 1877 quidem
1475 1842 1577 1866 uter·

267 1895 343 1930 que
366 1881 451 1928 illa)
477 1893 564 1915 cum
586 1880 703 1916 Goth.
727 1881 824 1917 Voff.
846 1891 882 1916 2.
903 1882 999 1920 Jens.
1022 1891 1061 1916 ut
1082 1891 1117 1917 et:
1141 1883 1198 1917 illi
1217 1885 1346 1932 Camp.
1363 1886 1474 1921 Tarv.
1488 1899 1578 1922 cum

265 1936 353 1972 Ald.
380 1936 535 1983 Reliqui
559 1935 740 1971 omittunt
759 1934 818 1983 est.
1036 1935 1085 1984 efl
1103 1936 1317 1987 quaestum
1350 1941 1477 1976 Turic.
1496 1938 1576 1995 est·

268 2005 336 2039 que
349 1990 471 2039 situm.
484 1990 584 2025 Flm.
602 2005 631 2026 e.
653 1990 837 2039 quesitum.
865 1989 989 2026 Guelf.
1013 1992 1102 2028 Exc.
1127 1995 1274 2028 Santen.
1298 2007 1328 2028 e.
1349 1995 1446 2043 quod
1465 1980 1579 2043 situm

266 2059 356 2081 cum
375 2045 476 2080 Alm.
499 2059 545 2079 ex
568 2058 644 2093 quo
671 2060 700 2081 e.
733 2045 879 2095 quods'
901 2054 996 2086 tum,
1027 2047 1115 2083 falso
1136 2048 1319 2095 profecto,
1342 2050 1406 2094 (cf.
1427 2054 1459 2096 ᾖ.
1483 2053 1576 2094 15..)

268 2099 319 2148 est
338 2102 434 2149 quod
456 2101 532 2135 sine
551 2101 762 2146 adjectione
783 2102 899 2137 Goth.
919 2102 1021 2138 Voff.
1044 2110 1079 2137 2.
1111 2102 1267 2150 Reliqui
1289 2115 1372 2140 ante
1398 2105 1504 2142 Gesn
1527 2103 1578 2153 eft

268 2157 366 2204 quod
396 2165 489 2195 tum,
528 2155 757 2191 diremtione
790 2156 957 2191 multum
992 2157 1147 2192 diversa.
1206 2159 1440 2210 Continuant
1474 2162 1576 2196 enim

267 2212 409 2245 lensum
438 2211 607 2258 priolem
636 2224 756 2257 usque
788 2212 834 2245 ad
867 2209 1018 2259 ediscere
1043 2215 1173 2252 emite,-
1213 2226 1358 2249 novum
1385 2215 1576 2251 ordientes

267 2266 352 2314 post
384 2279 539 2319 στιγμην
569 2264 703 2299 τελείαν
725 2267 822 2301 Nam
845 2267 882 2300 id
903 2280 1084 2315 quoque
1061 2266 1108 2300 esc*
1127 2270 1223 2315 quod
1245 2277 1330 2304 tum.
1389 2271 1471 2306 Nec
1491 2283 1576 2318 pre-

267 2321 402 2355 menda
434 2320 514 2354 laus
544 2320 687 2355 Gallaei
723 2321 925 2356 meliorem
955 2322 1234 2358 distinctionem
1263 2324 1474 2363 suadentis:
1512 2335 1576 2361 aut

266 2366 477 2410 Bu⁸rmanni
495 2374 694 2423 quaesitum
715 2375 814 2410 illud
833 2376 906 2410 sola
932 2377 1147 2422 conjectura
1172 2379 1348 2415 eruentis.
1397 2379 1467 2414 Ille
1490 2380 1574 2426 qui-

269 2430 367 2464 dem'
385 2441 421 2465 et
448 2430 513 2464 hic
546 2429 670 2465 cultro
695 2444 775 2466 rem
800 2431 962 2478 gerebat,
990 2444 1198 2478 reponens:
1236 2433 1575 2482 defieretacitum

270 2494 349 2518 erat
370 2487 566 2532 optimum,
608 2485 650 2519 in
671 2498 747 2534 quo
769 2496 892 2520 tamen
911 2488 1059 2521 tacitum
1077 2499 1164 2534 prae
1185 2491 1292 2523 tacite
1311 2489 1476 2523 mirifice
1497 2489 1575 2536 pla-

269 2549 353 2580 cet;
382 2539 454 2574 nisi
473 2540 572 2575 forte
597 2541 719 2576 mavis
746 2550 942 2581 tacentem,
972 2541 1036 2577 vel
1057 2550 1224 2579 tacentes.
1431 2542 1469 2591 si
1489 2557 1574 2580 non.

325 2677 390 2711 55.
420 2669 476 2702 illi
497 2686 551 2696 —
578 2673 651 2704 arci
679 2671 704 2706 i.
725 2683 896 2705 mnemo-
951 2671 998 2707 cf,
1018 2670 1126 2718 §.29-

269 2723 396 2764 nicae,
427 2734 599 2760 tractatae
628 2729 686 2773 Μ.
709 2732 901 2770 18—-23-
