1676 3028
244 181 336 230 592
552 146 626 216 M.
661 172 790 216 ΕΑΒ.
829 170 1233 240 QU1NT1L1AN1

174 302 223 340 78
246 291 535 349 deserviens
548 293 611 340 iis
623 291 977 340 ministerium.
1003 294 1238 342 Multum
1253 305 1304 342 et
1322 292 1548 359 superci-

166 429 176 438 ,
246 369 332 417 liis
353 370 532 432 agitur.
559 369 696 415 Nam
708 377 759 414 et
774 368 952 436 oculos
965 366 1191 432 formant
1211 369 1547 432 aliquatenus,

247 453 300 490 et
319 441 482 491 fronti
501 444 770 505 imperant.
813 443 905 490 His
932 442 1269 499 contrahitur,
1282 444 1548 499 attollitur,

249 508 568 565 demittitur.
608 526 665 563 ut
693 531 798 564 una
827 533 907 565 res
931 518 987 564 in
1010 531 1067 563 ea
1096 517 1215 580 plus
1241 517 1420 574 valeat,
1438 517 1551 567 [an-

243 594 367 656 guis
384 592 487 647 ille,
510 591 604 653 qui
622 593 812 640 mentis
838 592 1022 639 habitu
1049 601 1305 648 movetur,
1337 603 1404 648 et,
1433 604 1552 640 cum

249 665 377 713 infir
381 682 515 713 mam
527 666 841 714 verecundia
855 677 1028 715 cutem
1040 667 1248 731 accepit,
1263 663 1554 715 effunditur

388 802 584 860 deserviens
606 818 660 850 iis.
689 817 750 851 Sic
763 815 875 850 Goth.
891 817 977 859 (tac.
993 816 1116 859 Gesn.)
1128 815 1213 851 Ald.
1227 816 1318 851 Bad.
1332 814 1368 848 d.
1381 816 1411 848 1's
1426 813 1557 849 Turic-

244 865 408 915 serviens
439 870 483 902 iis
506 869 637 906 Ainbr.
661 881 696 906 2.
728 870 890 919 servIens
925 872 977 905 his
999 871 1123 906 Guelf.
1153 872 1245 905 Exc.
1271 873 1421 905 Santen.
1443 867 1558 916 deser-

250 924 351 957 viens
373 923 511 971 absque
540 926 769 973 pronomine
793 919 921 974 Carnp.
946 925 1145 975 observiens
1173 927 1218 960 iis
1231 926 1334 973 ‚JenL
1357 936 1444 960 cum
1469 923 1555 959 edd.

253 988 338 1012 ante
359 977 446 1012 Ald.
477 979 633 1028 Reliqui
654 981 690 1016 d.
716 981 780 1016 his.

339 1084 403 1121 78.
434 1079 644 1114 demittitur.
674 1080 804 1117 Turic.
826 1080 926 1115 Flor.
955 1081 1132 1117 Amb1·.2.
1154 1079 1276 1116 Guelf.
1296 1079 1393 1115 Exc.·
1409 1080 1561 1115 Santen.

255 1127 383 1180 Camp.
413 1136 588 1168 emittitur
621 1148 708 1169 cum
734 1136 847 1170 Goth.
871 1136 973 1171 Voff.
1001 1151 1033 1172 1.
1055 1145 1090 1170 2.
1114 1144 1149 1179 5.
1192 1133 1288 1173 vall.
1315 1145 1352 1169 et
1371 1133 1453 1169 edd.
1476 1143 1560 1169 ante

253 1183 355 1222 Ald.'
373 1189 512 1235 Regius
542 1190 730 1230 correxit,
759 1191 972 1226 neceam-io.
1011 1191 1187 1226 Protinus
1219 1199 1255 1224 et
1285 1189 1386 1224 Flor.
1413 1201 1485 1236 pro
1508 1197 1559 1223 ut.

257 1241 387 1290 Camp.
420 1254 457 1277 ut
489 1245 564 1278 ulla
596 1247 632 1278 in
660 1258 713 1279 eo.
743 1245 828 1279 Ald.
853 1260 886 1280 u.
909 1246 1007 1281 nulla
1027 1260 1054 1280 r.
1082 1247 1104 1280 ἱ.
1131 1260 1160 1280 e.
1181 1257 1265 1279 cum
1286 1243 1392 1278 Basil.
1413 1242 1562 1290 Gryph-

254 1298 442 1345 probante
474 1299 513 1333 id
545 1300 680 1346 Regio·
711 1309 871 1334 movetur
902 1310 942 1334 ut
969 1315 1046 1335 cum
1069 1299 1183 1336 Goth.
1208 1299 1302 1337 Jens.
1325 1295 1416 1346 (tac.
1437 1297 1563 1339 Getn.)

257 1365 346 1388 cum
378 1354 480 1389 Vols.
505 1363 540 1388 2.
573 1365 608 1389 et
638 1355 721 1389 edd.
752 1355 903 1401 postem
935 1366 1018 1390 ante
1052 1354 1140 1392 Ald.
1170 1355 1237 1402 qui
1268 1353 1344 1401 ipse
1365 1365 1451 1387 cum
1470 1351 1560 1387 Bad.

257 1420 354 1442 mov.
387 1421 464 1442 cum
497 1409 542 1443 ad
576 1411 651 1457 Reg
633 1410 685 1443 <rii
715 1421 892 1445 mentem.
931 1410 1126 1445 Dii-emtio
1156 1420 1278 1444 autem
1299 1419 1381 1443 ante
1402 1399 1565 1443 Chouet.

256 1474 350 1510 perv
357 1476 394 1496 er
399 1463 524 1497 [issima
543 1464 701 1503 obtinet,
730 1475 774 1500 ut
792 1476 875 1500 aute
889 1464 1042 1513 sanguis
1060 1465 1362 1511 intewpungatui.

371 1520 519 1568 accepit.
545 1519 606 1552 Sic
618 1520 744 1555 Tui-ic.
762 1520 790 1553 F
792 1519 862 1555 lor.
877 1533 963 1554 cum
972 1518 1071 1555 Alm.
1091 1517 1250 1565 Reliqui
1267 1518 1408 1564 accipit.
1440 1515 1563 1552 Modo

319 1655 383 1692 78.
427 1659 467 1684 ut
496 1664 566 1685 una
593 1663 646 1685 res
664 1649 885 1698 —sangui‘s
942 1661 1093 1684 omnem
1117 1647 1357 1683 erubescendi
1377 1647 1566 1686 rationem

261 1705 336 1739 ille.
395 1706 492 1745 Hic,
531 1705 600 1740 ubi
628 1705 799 1752 plerique
828 1706 884 1738 in·
941 1714 1101 1751 ponunt.
1149 1701 1339 1749 Infirmam
1353 1703 1567 1738 verecundia

258 1769 440 1806 terpretes
464 1760 565 1794 nihil
583 1760 774 1800 viderunt,
797 1771 884 1794 eum

258 1827 395 1860 aquam
433 1815 504 1849 sibi
547 1815 702 1849 haerere
740 1814 885 1849 testatus

259 1868 348 1903 effet
363 1870 716 1910 B1u·1n.,debebant
729 1870 885 1916 Capper.

258 1933 297 1957 et
335 1925 538 1978 (30[1101·,113
595 1938 758 1972 quoium
795 1923 888 1958 alter

256 1979 432 2025 profecto
492 1979 619 2015 locum
685 1979 887 2017 intellexit,

260 2032 411 2080 aliquid
428 2034 525 2070 lucis
546 2034 748 2070 astundeime
805 2034 887 2069 Nec

260 2087 313 2122 est
338 2088 490 2125 difficile
512 2089 740 2130 attendenti,
771 2089 887 2137 ipsam

261 2155 343 2178 eam
364 2157 443 2178 rem
466 2158 592 2187 unam,
611 2159 704 2192 quae
716 2144 790 2179 fola
803 2142 888 2192 plus

260 2198 472 2245 superciliis
512 2201 553 2235 in
591 2201 716 2235 fronte
754 2199 888 2237 valeat,

261 2255 333 2288 ess‘e
364 2255 579 2301 sanguinem
601 2256 734 2295 illum,
764 2253 889 2302 quiin

200 2347 208 2355 .
259 2308 386 2344 fronte
417 2321 481 2344 aut
517 2311 691 2357 profusus
731 2320 794 2344 aut
831 2322 889 2343 ie·

259 2365 402 2409 pressus
437 2366 623 2412 pudorem
668 2376 704 2400 et
743 2375 889 2399 metum

258 2419 401 2464 prodit.
435 2421 581 2455 Mirum
601 2431 726 2456 autem
746 2421 889 2466 semper

258 2471 360 2506 mihi
379 2475 499 2509 visum
524 2475 584 2516 est,
616 2476 719 2524 quod
741 2484 887 2510 veteres

260 2539 459 2573 nunquam
489 2530 566 2565 fere
595 2531 748 2566 ruboris
779 2528 887 2562 illins

259 2581 302 2615 iu
319 2592 423 2628 parte
453 2585 531 2619 oris
559 2585 682 2620 oculis
705 2583 887 2620 inferiore

258 2635 525 2679 meminerunt,
539 2641 598 2676 sed
615 2641 657 2676 in
675 2640 750 2676 sola
761 2640 887 2676 fronte

945 1768 1058 1793 cutem
1085 1759 1148 1792 hic
1170 1755 1332 1804 appellat
1356 1756 1460 1804 quod
1482 1755 1568 1803 aliis

942 1812 1039 1849 loeis
1060 1815 1205 1848 mollem
1222 1810 1395 1858 frontem,
1417 1811 1463 1847 cf.
1479 1811 1513 1851 6,
1528 1817 1571 1857 4,

949 1882 964 1902 1
979 1883 1011 1903 1.
1071 1869 1221 1915 Accepit
1245 1877 1389 1907 autem,
1411 1878 1489 1901 non
1506 1879 1570 1900 »ac-

943 1925 1042 1971 cipit,
1073 1923 1205 1970 dixissje
1231 1922 1397 1970 videtur,
1426 1931 1471 1955 ut
1493 1921 1570 1956 hoc

942 1978 1055 2014 semel
1090 1980 1143 2014 ita
1180 1978 1476 2024 uniuscujusque
1503 1989 1569 2010 na·

944 2045 1027 2068 tura
1054 2043 1314 2082 comparatum
1343 2030 1568 2067 demonstra·

945 2099 1131 2129 1·et,non
1159 2088 1309 2124 varium
1330 2097 1367 2122 et
1384 2085 1570 2121 mutabile

946 2157 1016 2192 pio
1038 2158 1186 2192 quaque
1201 2143 1403 2178 occasione.
1424 2141 1569 2188 Neque

947 2209 1071 2235 tamen
1111 2210 1212 2234 certo
1244 2198 1388 2236 dicam,
1433 2194 1571 2243 refugit

946 2254 1130 2302 producta
1148 2267 1194 2288 an
1207 2263 1387 2315 'correpta
1405 2249 1570 2300 penulti-

945 2323 1005 2343 ma
1028 2323 1074 2358 pl
1079 2322 1151 2344 onu
1155 2308 1275 2344 nciaii
1295 2306 1449 2347 debean
1474 2317 1568 2353 quo-

945 2365 1046 2398 niam
1075 2365 1117 2399 in
1149 2377 1193 2398 ea·
1207 2376 1255 2398 re-
1267 2361 1370 2398 nihil
1387 2361 1437 2396 est
1456 2358 1568 2395 semel

944 2419 1138 2454 constituti
1156 2431 1224 2453 nec
1235 2416 1431 2465 pei·petui;
1450 2426 1567 2462 quan·

944 2487 1055 2521 quam
1069 2473 1292 2508 concinnius
1304 2471 1468 2509 videtur,
1485 2468 1514 2502 si
1529 2477 1568 2503 et

942 2529 1025 2564 illic
1051 2528 1166 2562 fuerit
1194 2525 1438 2575 praeteritum
1471 2534 1566 2557 tem-

941 2598 1033 2632 pus,
1065 2583 1168 2630 quod
1195 2582 1315 2628 ipsum
1339 2578 1566 2627 exprimitur

940 2640 983 2674 in
1001 2637 1201 2688 participio
1220 2643 1449 2683 temperatus.
