1676 3028
169 485 212 512 12

242 209 337 253 520
556 198 629 244 M.
662 201 794 245 FAB.
831 200 1238 260 QmN'rxmANt

241 322 473 371 amnium
501 327 663 382 maior
687 321 758 370 est
782 322 894 369 altis
929 323 1080 386 ripis,
1118 324 1390 388 multoque
1420 341 1542 390 gur-

242 397 360 461 gitis
388 407 550 445 tractu
579 397 874 452 fluentium,
911 413 1063 458 quam
1094 399 1264 446 tenuis
1291 414 1467 464 aquae,
1491 412 1542 451 et

244 472 447 531 objectu
477 473 777 537 lapillorum
809 470 1112 521 resultantis.
1191 475 1252 520 Et
1286 485 1354 522 ut*
1377 477 1543 539 palae-

241 546 379 595 strici
421 547 658 595 doctores
699 547 842 603 illos,
891 564 1025 611 quos
1066 564 1295 595 numeros
1331 561 1629 608 mannum&

240 639 351 670 non
385 609 573 670 icciico
597 621 909 670 discentibus
931 621 1157 678 tradunt,
1197 633 1258 670 ut
1283 624 1347 672 iis
1377 626 1546 672 omni-

241 695 363 751 bus,
407 713 537 759 quos
569 696 892 754 didicerunt,
934 698 990 744 in
1029 697 1139 761 ipso
1175 697 1410 751 luctandi
1440 714 1548 746 cer'-

241 772 434 819 tamine
462 781 700 828 utantur,
757 773 910 838 (plus
939 773 1080 820 enim
1113 772 1344 837 pondere
1372 784 1424 822 et
1453 772 1548 822 fita
1617 839 1619 842 ι

240 847 415 893 mitate
450 857 499 894 et
530 845 713 910 spiritu
747 849 937 911 agitur)
977 846 1063 895 sed
1087 859 1145 896 ut
1176 847 1239 894 sit
1265 850 1418 913 eopia.
1445 850 1550 906 illa,

240 936 302 967 ex
333 938 433 984 qua
464 939 631 970 unum
665 933 753 970 aut
783 923 1028 980 alterum,
1079 928 1226 982 cuius
1263 921 1314 970 se
1334 923 1547 973 =occafio

240 995 470 1053 dederit,
520 994 770 1046 efficiant:
848 1000 918 1045 ita
955 997 1080 1046 haec
1118 1015 1231 1062 pars
1259 998 1546 1056 dialectica,

238 1069 346 1119 five
383 1073 526 1119 illam
567 1073 738 1121 dicere
770 1074 1034 1123 malumus
1071 1075 1462 1137 disputatricem,
1487 1084 1548 1123 ut

326 1243 387 1269 ια.
446 1235 515 1269 Sed
554 1244 594 1270 ut
633 1248 670 1281 p.
707 1237 837 1270 Turie.
875 1233 975 1270 Flo'r.
1019 1236 1148 1282 Camp.
1207 1232 1374 1280 paeftricz‘
1410 1236 1543 1272 Turio.

234 1302 362 1324 nervos
390 1299 523 1324 vocant·
553 1291 682 1337 Camp.
714 1303 744 1326 c.
778 1291 996 1330 Andreana,
1041 1290 1126 1324 Ald.
1153 1290 1242 1324 Bad.
1271 1290 1380 1325 Basil.
1415 1302 1452 1326 et
1480 1291 1546 1326 ali-

237 1355 334 1391 quot
372 1345 604 1385 Burmanni,
644 1346 713 1392 qui
750 1346 905 1380 eandem
947 1343 1202 1392 corruptelam
1233 1343 1459 1381 demonstrat
1488 1360 1547 1394 ap.

238 1398 356 1434 Ovid.
388 1401 470 1433 Am.
510 1414 543 1440 1,
581 1413 611 1439 1,
650 1407 709 1444 ¹8·
738 1401 847 1436 Trist.
882 1407 916 1443 4,
949 1406 984 1443 4,
1017 1406 1053 1443 4.
1096 1442 1102 1450 .
1329 1409 1368 1435 ut
1397 1403 1452 1436 1‘1'5.
1486 1401 1548 1437 Sic

235 1453 369 1489 Ambr.
403 1464 437 1488 2.
473 1455 601 1502 Camp.
631 1455 747 1490 Goth.
777 1456 871 1494 Jeus.
902 1456 989 1499 (tac.
1024 1453 1151 1501 Gesn.)
1190 1467 1220 1490 c.
1252 1455 1335 1490 edd.
1364 1467 1448 1491 ante
1477 1458 1565 1501 Bas

237 1507 293 1542 fil.
346 1510 447 1543 vitiis
476 1510 603 1544 Turio.
662 1518 701 1543 ιιι
730 1511 782 1544 his
811 1509 962 1557 reliqui.
1215 1522 1304 1558 quos
1333 1511 1547 1546 didicerunt.

238 1562 303 1597 Sic
330 1573 397 1597 nos
427 1576 474 1597 ex
504 1564 670 1610 vestigiis
698 1565 888 1599 codicum.
950 1578 1020 1612 quo
1049 1565 1250 1598 didicerunt
1285 1565 1412 1600 Turic.
1443 1565 1546 1602 Flor.

240 1631 330 1666 quae
367 1618 567 1652 ditIicerunt
604 1620 731 1666 Camp.
775 1632 806 1654 o.
849 1619 934 1654 Ald.
977 1620 1037 1665 qui
1079 1620 1281 1653 didicerunt
1319 1621 1415 1658 Jens.
1447 1622 1543 1669 (tac.

240 1672 366 1715 Gesn.)
397 1685 428 1708 c.
460 1673 541 1707 edd.
574 1684 656 1707 ante
686 1674 771 1709 Ald.
815 1676 852 1708 hi
879 1676 940 1721 qui
968 1674 1169 1708 didicerunt
1196 1674 1304 1709 Basil.
1347 1677 1374 1710 ἰὶ
1402 1678 1464 1724 qui
1493 1676 1546 1710 di-

241 1728 392 1762 dicerint
419 1727 575 1774 reliqui.
633 1737 668 1762 et
691 1728 870 1774 firmitate
900 1737 934 1762 ec
967 1742 1040 1763 om.
1071 1728 1174 1763 Flor.
1215 1728 1343 1764 lacuna
1374 1730 1518 1766 relicta.

450 1781 503 1829 sit
530 1784 645 1830 copia.
705 1783 766 1818 Sic
797 1785 925 1819 Turio.
958 1782 1059 1818 Flor.
1091 1796 1122 1818 c.
1151 1782 1250 1818 Alm.
1291 1783 1411 1832 subsit
1436 1799 1463 1819 c.
1494 1798 1552 1821 re·

240 1834 363 1883 liqui,
393 1837 609 1881 cujusmodi
636 1837 736 1873 nihil
764 1839 857 1874 alibi
886 1840 981 1874 vidi.
1043 1836 1091 1885 est
1120 1851 1192 1888 pro
1215 1836 1259 1887 se
1291 1839 1407 1874 Goth.
1450 1844 1545 1884 (tac.

242 1888 381 1935 Gesn.)
410 1892 574 1927 dederint
604 1893 727 1929 Guelf.
768 1894 973 1942 efficiantur
1006 1896 1119 1930 Tarv.
1159 1907 1190 1930 c.
1224 1894 1306 1930 edd.
1337 1894 1431 1943 post.
1467 1906 1550 1931 ante

358 2011 420 2046 13.
450 2003 638 2039 malumus.
698 2005 759 2039 Sic
785 2004 886 2040 Ποῖ.
917 2005 1045 2042 Ambr.
1078 2016 1112 2040 2.
1152 2005 1275 2042 Guelf.
1307 2006 1436 2053 Camp.
1476 2018 1551 2041 ma·

242 2129 308 2168 83.
343 2136 403 2163 ιι,
434 2132 470 2167 5,
507 2128 595 2166 185-
634 2134 694 2165 12,
721 2137 780 2165 10,
805 2135 868 2169 75.
988 2134 1048 2167 ιδ.
1077 2125 1552 2171 disputan-icem.cf.2,2o,

245 2185 283 2223 8,
306 2187 344 2222 5,
377 2179 438 2221 56.
928 2191 963 2223 7.
992 2181 1084 2215 item
1109 2190 1143 2221 7,
1176 2189 1212 2222 3,
1250 2186 1308 2226 14.
1350 2181 1418 2216 ubi
1443 2180 1553 2215 cavil-

304 2243 366 2268 12.
424 2247 515 2284 quos
546 2247 707 2270 numeros
725 2244 868 2271 vocant.
925 2236 1060 2275 latrix,
1102 2245 1138 2269 et
1167 2245 1269 2270 totus
1300 2235 1367 2271 ille
1397 2235 1504 2272 locus
1533 2247 1555 2270 a.

244 2289 291 2325 ef.
319 2301 380 2329 10,
417 2302 448 2328 1,
481 2296 516 2333 4.
925 2293 956 2334 5.
987 2299 1172 2330 12-17,
1205 2290 1315 2331 sicuti
1338 2290 1431 2326 alter
1458 2301 1551 2338 quo-

273 2344 864 2392 unumautalcerum—efficiant.
927 2359 1000 2393 que
1021 2355 1056 2387 a,
1093 2351 1127 2388 5,
1161 2353 1224 2388 25.
1255 2346 1395 2393 quibus
1424 2346 1551 2381 eadem

243 2401 477 2435 Pronomina
498 2400 608 2448 plane
629 2402 712 2436 [unt
729 2402 870 2435 mascu·
927 2401 1004 2436 fere
1025 2400 1128 2435 hisce
1150 2399 1281 2436 nostris
1313 2401 1552 2449 disputantur

244 2453 327 2489 lino
358 2468 494 2503 genere
517 2455 733 2504 accipienda
764 2466 800 2491 et
825 2455 872 2490 ad
929 2465 1059 2491 contra
1081 2454 1239 2490 nimiam
1260 2454 1471 2490 dialectices
1495 2452 1551 2487 di-

244 2522 410 2546 numeras
443 2510 659 2551 refe1·enda;
699 2511 798 2545 uude
825 2523 870 2545 eo
927 2510 1136 2558 ligentiam.
1195 2510 1315 2545 Libro
1337 2519 1469 2556 quarto
1498 2518 1550 2543 et·

245 2563 426 2610 deducor,
457 2576 499 2600 ut
523 2579 594 2614 pro
627 2565 789 2613 efficiant
814 2579 872 2600 re·
929 2566 1016 2604 iam,
1040 2575 1082 2599 ut
1093 2562 1322 2610 l1ic.secandi
1331 2564 1452 2599 verbo
1466 2575 1554 2610 ope·

242 2629 386 2666 ponere
401 2620 522 2657 velim
540 2620 730 2670 affingant.
744 2620 790 2656 cf.
811 2634 827 2656 1
841 2632 872 2661 ι,
928 2620 1058 2656 toritas
1079 2619 1276 2653 dividendi
1295 2628 1448 2654 notatur
1466 2621 1499 2664 ᾖ.
1517 2617 1555 2654 6.

244 2681 282 2716 5·
319 2681 409 2718 ¹81·
933 2682 996 2718 25.
1054 2674 1140 2720 Quo
1166 2673 1285 2721 magis
1304 2673 1559 2711 conciliemur.
