1676 3028
552 86 576 97 ο

388 193 549 239 INST.
588 191 866 238 ORATOR.
895 190 1018 236 LIB.
1052 191 1136 247 xt,
1171 201 1218 246 3.

1374 199 1468 251 395
1528 267 1533 270 N

132 318 448 377 mundant,
489 329 540 367 et
567 320 625 367 in
649 318 787 368 latus
812 335 869 367 ac
888 334 1054 384 paene
1076 316 1143 366 ad
1164 327 1347 366 aurem
1370 324 1474 370 tra-

130 398 352 457 huntur,
387 406 439 445 et
456 397 605 445 velut
636 395 870 461 quodam
898 393 1108 446 fastidio
1134 394 1474 461 replicantur,

91 496 95 500 ·
131 472 185 525 et
211 474 476 540 pendent,
515 483 567 521 et
591 490 779 523 vocem
812 483 1017 522 tantum
1043 473 1202 522 altera
1223 481 1369 537 parte
1393 468 1475 518 di-

130 554 367 602 mittunt.

133 627 376 679 deforme
407 625 505 676 est:

137 705 383 756 modicus
406 712 594 754 eorum
618 702 715 755 effe
735 705 921 754 debeat
942 714 1136 754 motus.

471 550 726 600 Lambere
763 566 980 616 quoque
1022 566 1082 598 ea
1121 561 1174 598 et
1212 547 1478 610 mordere,

535 644 680 677 ·cum
697 624 874 677 'etiam
908 629 967 676 in
991 625 1276 676 efficiendis
1297 624 1478 674 verbis

1209 706 1313 752 Ore
1333 703 1480 751 enim

143 783 338 849 magis,
377 799 537 846 quam
561 782 735 840 labris,
772 781 1108 848 loquendum
1130 779 1216 830 est.
1297 779 1482 831 Cervi·
1503 788 1555 828 82

125 876 258 931 ‘celm
289 869 484 909 rectam
507 869 717 926 oportet
740 858 837 909 effe
851 897 865 918 ‚
902 875 1013 909 non
1033 859 1260 925 rigidam
1283 867 1375 907 aut
1397 854 1484 905 su-

135 1023 269 1072 Camp.
291 1021 453 1063 omittit,
484 1032 571 1057 ante
593 1034 718 1058 vocem
733 1022 867 1058 Turio.
891 1022 997 1059 Flor.
1020 1023 1222 1070 penderent
1235 1022 1367 1070 Camp.
1399 1021 1487 1055 Jam

132 1082 212 1116 veri
235 1091 308 1129 pro
335 1078 494 1115 lambere
521 1078 624 1114 Flor.
646 1091 734 1114 cum
752 1077 856 1113 Alm.
882 1078 974 1123 (uisi
995 1080 1102 1128 quod
1119 1081 1221 1123 vere)
1238 1091 1323 1113 non
1349 1067 1484 1113 Turio.

135 1133 204 1183 (cf.
229 1136 330 1185 72.)-
354 1134 549 1183 efferemlis
570 1147 643 1183 pm
674 1131 832 1183 ςθὶεἱεη
830 1136 880 1170 lis
902 1135 990 1174 Ald.
1013 1135 1104 1171 Bad.
1121 1135 1233 1171 Basil.
1260 1133 1410 1183 Gryph.
1436 1131 1484 1167 ad

137 1203 309 1228 mentem
327 1192 467 1239 Regii,
499 1191 607 1239 quod
626 1202 730 1227 recte
748 1191 946 1240 improbat
966 1195 1098 1228 Bmm.
1121 1192 1321 1227 remittens
1341 1203 1412 1226 nos
1437 1189 1484 1224 ad

145 1260 188 1288 ι,
224 1262 296 1288 ιι,
322 1254 359 1292 4.
387 1247 459 1283 ubi
482 1247 587 1283 idem
611 1258 716 1282 tenet
744 1259 875 1284 contla
897 1249 1054 1284 eandem
1077 1247 1230 1296 aliquot
1252 1247 1338 1283 edd.
1359 1257 1483 1282 muta-

140 1304 302 1342 tionem.
325 1305 426 1340 cf.1.
450 1305 491 1339 F
517 1304 691 1341 Gronox
721 1303 766 1339 ad
794 1307 924 1340 Senem
957 1305 1003 1341 de
1032 1306 1092 1340 Ira
1126 1319 1160 1344 ι,
1183 1313 1219 1347 3.
1243 1303 1486 1351 conficiendis

140 1359 296 1398 Floril.
312 1362 465 1396 Santen.
490 1373 561 1408 per
585 1361 876 1408 compendium.
902 1375 1024 1397 eorum
1046 1361 1205 1397 debeant
1226 1361 1358 1395 Turio.
1381 1359 1499 1395 Flor.

140 1417 323 1453 Profecto
355 1427 394 1452 et
420 1416 487 1451 hio
517 1416 593 1451 fmt
622 1429 746 1451 eorum
767 1418 904 1454 deceat.
928 1418 975 1453 cf.
995 1417 1060 1462 76.
1081 1432 1111 1454 e.
1134 1415 1205 1466 effe
1223 1416 1332 1452 debet
1349 1415 1487 1452 Floril.

140 1473 294 1509 Samen.
317 1471 388 1523 effe
411 1482 521 1507 extra
543 1472 695 1508 versum
717 1473 880 1528 adjecto.
914 1475 1048 1524 Camp.
1071 1474 1208 1509 modici
1230 1487 1260 1510 e.
1284 1482 1402 1509 motus
1424 1472 1488 1507 de·

140 1527 254 1564 beant
273 1527 355 1582 effe.

159 1666 161 1668 .
227 1635 292 1674 82.
324 1623 520 1668 Cer-vicerit.
549 1630 674 1667 Turil.
690 1631 793 1669 Flor.
820 1634 952 1682 Camp.
972 1647 1052 1669 cum
1074 1647 1102 1669 c.
1133 1631 1350 1669 Postremus
1373 1631 1490 1667 etiam

143 1695 329 1738 oporteat.
374 1689 452 1722 Pro
484 1687 619 1723 collum
649 1689 782 1726 Turio.
812 1690 918 1728 Flor.
941 1691 1094 1739 longum
1113 1702 1202 1726 cum
1221 1688 1324 1727 Alm.
1354 1688 1493 1726 Inserit

146 1844 221 1872 „ne
250 1829 372 1866 subito
402 1829 604 1874 laxantur,
638 1842 675 1868 et
703 1845 792 1868 cum
851 1843 931 1875 tur,
963 1835 1070 1882 quod
1099 1833 1349 1882 interpretari
1381 1845 1493 1868 cona-

150 1887 430 1936 „poppysmate
482 1889 652 1936 quodam
692 1889 792 1924 diffi-

148 1942 291 1983 „liunt.
353 1943 598 1980 Werlhofius
619 1946 696 1981 hoc
714 1946 794 1994 spe-

151 2010 305 2039 „ctans‚
346 1999 450 2048 quod
485 1999 654 2049 scindere
688 2001 795 2038 labra

150 2055 403 2103 „oppositum
455 2057 506 2092 est
543 2059 794 2105 porrigendis,

152 2111 406 2160 „simpliciter
420 2110 546 2163 scindi,
570 2114 675 2154 dicit,
706 2127 796 2149 cum

152 2180 202 2210 „a
221 2168 468 2217 porrectione
492 2168 559 2204 issa
580 2171 797 2206 antrorsum

153 2225 285 2266 „facta
329 2225 454 2260 subito
495 2225 538 2260 in
586 2237 799 2276 utrumque

154 2280 285 2321 „latus
322 2281 575 2316 trahuntxu·.“
598 2283 798 2320 Gesnerus.

88 2380 92 2382 .
153 2337 285 2384 Ipsum
318 2337 397 2372 fere
437 2338 673 2384 Quintili-ani
712 2353 801 2376 ver-

154 2392 251 2432 bum
272 2393 443 2430 retinens
462 2393 675 2443 Gedoynus
700 2397 802 2442 (fen-

158 2449 270 2493 dues)
302 2463 350 2485 an
378 2450 636 2499 popularibus
658 2452 803 2488 intelli-

158 2514 293 2552 gatur,
341 2519 479 2553 parum
513 2503 621 2544 novi.

157 2561 294 2610 potest,
328 2572 372 2597 ut
401 2562 527 2611 ipsum
562 2564 666 2600 illud
697 2566 805 2613 quod

161 2625 257 2652 mox
296 2616 357 2666 leg
340 2618 464 2654 imus
508 2619 729 2655 diducuntur
759 2622 805 2657 sit

84 2690 94 2696 -
164 2669 371 2732 iambiciu
385 2674 611 2724 scindendo;
628 2677 804 2713 ibienim

166 2737 313 2765 veteres
340 2729 435 2767 libri
459 2745 593 2769 omnes
622 2734 668 2769 de
671 2734 811 2771 iucun-

851 1901 916 1926 tur
935 1890 1100 1927 Badius:

849 1947 1090 1987 „ferioribus
1129 1955 1281 1982 tautum
1318 1945 1494 1994 loquitur

852 2007 895 2047 ‚‚(
909 2003 1078 2049 labris):
1120 2016 1231 2043 nam,
1271 2002 1301 2036 fi
1332 2012 1496 2049 utraque

852 2059 1123 2101 „deducantur
1133 2085 1143 2099 ,

853 2116 1023 2156 ‚,dentes.
1065 2128 1206 2151 verum
1236 2127 1309 2163 pro
1337 2114 1497 2150 diversis
1541 2140 1546 2147 X

855 2171 1138 2221 ‚,intelligatur,
1170 2183 1213 2208 ut
1244 2183 1355 2220 turpe
1382 2172 1429 2206 sit
1461 2180 1499 2206 et

699 2509 817 2545 Fieri

1125 1890 1344 1934 „Um-taffo)
1366 1890 1411 1924 de
1433 1889 1493 1924 in-

1193 2071 1273 2093 non
1300 2058 1496 2093 nudentur

856 2229 1060 2269 „deducere
1093 2239 1130 2264 et
1147 2229 1276 2277 facere
1309 2236 1350 2263 ul:
1387 2228 1499 2263 denu-

857 2285 1016 2333 „flentur
1035 2286 1206 2322 dentes.“

915 2355 1043 2376 vocem
1076 2362 1131 2370 —
1155 2350 1264 2392 parce
1292 2342 1498 2378 dimittunt.

859 2398 1109 2440 „Imitantun
1131 2399 1208 2434 hoc
1227 2398 1330 2447 gestu
1340 2411 1416 2438 eos,
1431 2398 1502 2446 qui

861 2453 1010 2494 „altero
1041 2454 1238 2492 labiorum
1266 2454 1410 2503 angulo
1441 2465 1502 2489 tu·

861 2509 1032 2551 „bulum
1079 2523 1211 2548 tenent

1257 2511 1502 2552 Nicetianae,

860 2566 1010 2607 „altero
1079 2568 1271 2616 apertiore
1346 2567 1503 2603 fumum

861 2622 1026 2662 „efflann
1036 2628 1060 2644 “
1072 2625 1270 2662 (jesum-us.

909 2678 1044 2716 'eorum
1069 2681 1286 2719 —debeat.
1329 2681 1376 2718 cf.
1415 2693 1500 2718 not.

865 2736 951 2773 crit.
