<?xml version="1.0" encoding="UTF-8"?>
<!DOCTYPE html PUBLIC "-//W3C//DTD XHTML 1.0 Transitional//EN"
    "http://www.w3.org/TR/xhtml1/DTD/xhtml1-transitional.dtd">
<html xmlns="http://www.w3.org/1999/xhtml" xml:lang="en" lang="en">
 <head>
  <title>
</title>
<meta http-equiv="Content-Type" content="text/html;charset=utf-8" />
  <meta name='ocr-system' content='tesseract 3.04.00' />
  <meta name='ocr-capabilities' content='ocr_page ocr_carea ocr_par ocr_line ocrx_word'/>
</head>
<body>
  <div class='ocr_page' id='page_1' title='image "./lexiconquintilia04bonnuoft_0409.png"; bbox 0 0 1676 3028; ppageno 0'>
   <div class='ocr_carea' id='block_1_1' title="bbox 577 0 596 17">
    <p class='ocr_par' dir='ltr' id='par_1_1' title="bbox 577 0 596 17">
     <span class='ocr_line' id='line_1_1' title="bbox 577 0 596 17; baseline 0 0"><span class='ocrx_word' id='word_1_1' title='bbox 577 0 596 17; x_wconf 74' lang='grc' dir='ltr'><strong><em>Ι</em></strong></span> 
     </span>
    </p>
   </div>
   <div class='ocr_carea' id='block_1_2' title="bbox 1304 83 1317 102">
    <p class='ocr_par' dir='ltr' id='par_1_2' title="bbox 1304 83 1317 102">
     <span class='ocr_line' id='line_1_2' title="bbox 1304 83 1317 102; baseline 0 0"><span class='ocrx_word' id='word_1_2' title='bbox 1304 83 1317 102; x_wconf 61' lang='lat' dir='ltr'>N</span> 
     </span>
    </p>
   </div>
   <div class='ocr_carea' id='block_1_3' title="bbox 375 151 1459 220">
    <p class='ocr_par' dir='ltr' id='par_1_3' title="bbox 375 151 1459 220">
     <span class='ocr_line' id='line_1_3' title="bbox 375 151 1459 220; baseline -0.014 -12"><span class='ocrx_word' id='word_1_3' title='bbox 375 154 539 208; x_wconf 78' lang='lat' dir='ltr'>1NST.</span> <span class='ocrx_word' id='word_1_4' title='bbox 576 156 854 220; x_wconf 75' lang='lat' dir='ltr'>ORATOR.</span> <span class='ocrx_word' id='word_1_5' title='bbox 888 155 1011 199; x_wconf 76' lang='lat' dir='ltr'>Lm.</span> <span class='ocrx_word' id='word_1_6' title='bbox 1046 151 1131 209; x_wconf 66' lang='grc' dir='ltr'>ΧΓ,</span> <span class='ocrx_word' id='word_1_7' title='bbox 1169 164 1237 208; x_wconf 69' lang='grc'>5.,</span> <span class='ocrx_word' id='word_1_8' title='bbox 1307 182 1315 192; x_wconf 93' lang='grc'><strong>.</strong></span> <span class='ocrx_word' id='word_1_9' title='bbox 1363 162 1459 211; x_wconf 79' lang='lat'>379</span> 
     </span>
    </p>
   </div>
   <div class='ocr_carea' id='block_1_4' title="bbox 130 275 1543 974">
    <p class='ocr_par' dir='ltr' id='par_1_4' title="bbox 130 275 1543 974">
     <span class='ocr_line' id='line_1_4' title="bbox 130 275 1462 358; baseline -0.01 -18"><span class='ocrx_word' id='word_1_10' title='bbox 130 288 471 358; x_wconf 71' lang='lat' dir='ltr'>respiratione</span> <span class='ocrx_word' id='word_1_11' title='bbox 502 286 692 335; x_wconf 82' lang='lat' dir='ltr'>crebra.</span> <span class='ocrx_word' id='word_1_12' title='bbox 773 283 966 348; x_wconf 84' lang='lat' dir='ltr'>Neque</span> <span class='ocrx_word' id='word_1_13' title='bbox 995 279 1139 329; x_wconf 88' lang='lat' dir='ltr'>enim</span> <span class='ocrx_word' id='word_1_14' title='bbox 1172 276 1342 345; x_wconf 85' lang='lat' dir='ltr'>potest</span> <span class='ocrx_word' id='word_1_15' title='bbox 1364 275 1462 327; x_wconf 82' lang='lat' dir='ltr'>effe</span> 
     </span>
     <span class='ocr_line' id='line_1_5' title="bbox 131 352 1461 432; baseline -0.009 -15"><span class='ocrx_word' id='word_1_16' title='bbox 131 369 326 432; x_wconf 85' lang='lat' dir='ltr'>longus</span> <span class='ocrx_word' id='word_1_17' title='bbox 351 365 592 431; x_wconf 85' lang='lat' dir='ltr'>spiritus,</span> <span class='ocrx_word' id='word_1_18' title='bbox 635 377 758 411; x_wconf 89' lang='lat' dir='ltr'>cum</span> <span class='ocrx_word' id='word_1_19' title='bbox 778 357 1121 409; x_wconf 81' lang='lat' dir='ltr'><strong>immoderate</strong></span> <span class='ocrx_word' id='word_1_20' title='bbox 1149 352 1461 405; x_wconf 84' lang='lat' dir='ltr'>effunditur.</span> 
     </span>
     <span class='ocr_line' id='line_1_6' title="bbox 131 433 1466 499; baseline -0.01 -5"><span class='ocrx_word' id='word_1_21' title='bbox 131 444 358 496; x_wconf 81' lang='lat' dir='ltr'>Paulum</span> <span class='ocrx_word' id='word_1_22' title='bbox 383 443 442 491; x_wconf 92' lang='lat' dir='ltr'>in</span> <span class='ocrx_word' id='word_1_23' title='bbox 473 439 678 491; x_wconf 78' lang='lat' dir='ltr'>invidia</span> <span class='ocrx_word' id='word_1_24' title='bbox 698 435 936 487; x_wconf 81' lang='lat' dir='ltr'>facienda</span> <span class='ocrx_word' id='word_1_25' title='bbox 958 434 1165 491; x_wconf 78' lang='lat' dir='ltr'>lentior,</span> <span class='ocrx_word' id='word_1_26' title='bbox 1205 433 1332 499; x_wconf 77' lang='lat' dir='ltr'>quja</span> <span class='ocrx_word' id='word_1_27' title='bbox 1351 449 1466 482; x_wconf 90' lang='lat' dir='ltr'>non</span> 
     </span>
     <span class='ocr_line' id='line_1_7' title="bbox 133 509 1462 579; baseline -0.01 -9"><span class='ocrx_word' id='word_1_28' title='bbox 133 520 245 579; x_wconf 79' lang='lat' dir='ltr'>fere</span> <span class='ocrx_word' id='word_1_29' title='bbox 266 520 332 568; x_wconf 84' lang='lat' dir='ltr'>ad</span> <span class='ocrx_word' id='word_1_30' title='bbox 350 519 485 568; x_wconf 86' lang='lat' dir='ltr'>hanc</span> <span class='ocrx_word' id='word_1_31' title='bbox 508 517 610 567; x_wconf 89' lang='lat' dir='ltr'>nisi</span> <span class='ocrx_word' id='word_1_32' title='bbox 632 514 910 566; x_wconf 84' lang='lat' dir='ltr'>inferiores</span> <span class='ocrx_word' id='word_1_33' title='bbox 941 509 1288 579; x_wconf 83' lang='lat' dir='ltr'>confugiunt:</span> <span class='ocrx_word' id='word_1_34' title='bbox 1332 520 1382 558; x_wconf 87' lang='lat' dir='ltr'>at</span> <span class='ocrx_word' id='word_1_35' title='bbox 1405 510 1462 558; x_wconf 88' lang='lat' dir='ltr'>in</span> 
     </span>
     <span class='ocr_line' id='line_1_8' title="bbox 132 587 1467 653; baseline -0.008 -6"><span class='ocrx_word' id='word_1_36' title='bbox 132 596 459 647; x_wconf 84' lang='lat' dir='ltr'>blandiendo</span> <span class='ocrx_word' id='word_1_37' title='bbox 471 633 485 653; x_wconf 83' lang='lat'>‚</span> <span class='ocrx_word' id='word_1_38' title='bbox 498 593 728 644; x_wconf 77' lang='lat' dir='ltr'>&#39;fatendo</span> <span class='ocrx_word' id='word_1_39' title='bbox 741 629 756 651; x_wconf 87' lang='lat'>,</span> <span class='ocrx_word' id='word_1_40' title='bbox 785 588 1154 640; x_wconf 80' lang='lat' dir='ltr'>satisfaciendo</span> <span class='ocrx_word' id='word_1_41' title='bbox 1164 627 1179 647; x_wconf 94' lang='lat'>,</span> <span class='ocrx_word' id='word_1_42' title='bbox 1211 587 1467 652; x_wconf 83' lang='lat' dir='ltr'>rogando,</span> 
     </span>
     <span class='ocr_line' id='line_1_9' title="bbox 136 667 1543 746; baseline -0.011 -23"><span class='ocrx_word' id='word_1_43' title='bbox 136 674 263 723; x_wconf 83' lang='lat' dir='ltr'>lenis</span> <span class='ocrx_word' id='word_1_44' title='bbox 303 685 356 722; x_wconf 88' lang='lat' dir='ltr'>et</span> <span class='ocrx_word' id='word_1_45' title='bbox 380 667 668 746; x_wconf 51' lang='lat' dir='ltr'>szcmmg&#39;ffa.</span> <span class='ocrx_word' id='word_1_46' title='bbox 747 667 1093 719; x_wconf 85' lang='lat' dir='ltr'>Suadentium</span> <span class='ocrx_word' id='word_1_47' title='bbox 1109 705 1124 725; x_wconf 93' lang='lat'>‚</span> <span class='ocrx_word' id='word_1_48' title='bbox 1165 676 1216 714; x_wconf 88' lang='lat' dir='ltr'>et</span> <span class='ocrx_word' id='word_1_49' title='bbox 1245 681 1469 714; x_wconf 87' lang='lat' dir='ltr'>monen-</span> <span class='ocrx_word' id='word_1_50' title='bbox 1492 669 1543 716; x_wconf 75' lang='grc'>64</span> 
     </span>
     <span class='ocr_line' id='line_1_10' title="bbox 133 742 1468 817; baseline -0.007 -17"><span class='ocrx_word' id='word_1_51' title='bbox 133 751 288 809; x_wconf 81' lang='lat' dir='ltr'>tium,</span> <span class='ocrx_word' id='word_1_52' title='bbox 311 761 364 799; x_wconf 87' lang='lat' dir='ltr'>et</span> <span class='ocrx_word' id='word_1_53' title='bbox 381 750 767 817; x_wconf 86' lang='lat' dir='ltr'>pollicentium,</span> <span class='ocrx_word' id='word_1_54' title='bbox 789 757 840 795; x_wconf 89' lang='lat' dir='ltr'>et</span> <span class='ocrx_word' id='word_1_55' title='bbox 862 742 1247 795; x_wconf 83' lang='lat' dir='ltr'>consolantium</span> <span class='ocrx_word' id='word_1_56' title='bbox 1266 745 1468 811; x_wconf 78' lang='lat' dir='ltr'>gravis.</span> 
     </span>
     <span class='ocr_line' id='line_1_11' title="bbox 136 819 1474 879; baseline -0.007 -2"><span class='ocrx_word' id='word_1_57' title='bbox 136 830 199 879; x_wconf 89' lang='lat' dir='ltr'>In</span> <span class='ocrx_word' id='word_1_58' title='bbox 220 837 370 876; x_wconf 76' lang='lat' dir='ltr'>metu</span> <span class='ocrx_word' id='word_1_59' title='bbox 394 837 445 875; x_wconf 89' lang='lat' dir='ltr'>et</span> <span class='ocrx_word' id='word_1_60' title='bbox 471 825 791 875; x_wconf 83' lang='lat' dir='ltr'>verecundia</span> <span class='ocrx_word' id='word_1_61' title='bbox 824 832 1110 878; x_wconf 78' lang='lat' dir='ltr'>contracta,</span> <span class='ocrx_word' id='word_1_62' title='bbox 1151 819 1474 869; x_wconf 80' lang='lat' dir='ltr'>adhortatio-</span> 
     </span>
     <span class='ocr_line' id='line_1_12' title="bbox 134 894 1474 974; baseline -0.004 -21"><span class='ocrx_word' id='word_1_63' title='bbox 134 903 293 955; x_wconf 85' lang='lat' dir='ltr'>nibus</span> <span class='ocrx_word' id='word_1_64' title='bbox 306 900 496 974; x_wconf 80' lang='lat' dir='ltr'>sortz&#39;s,</span> <span class='ocrx_word' id='word_1_65' title='bbox 529 900 976 972; x_wconf 71' lang='lat' dir='ltr'>disputationibus</span> <span class='ocrx_word' id='word_1_66' title='bbox 1000 907 1153 957; x_wconf 76' lang='lat' dir='ltr'>teres,</span> <span class='ocrx_word' id='word_1_67' title='bbox 1182 894 1474 947; x_wconf 82' lang='lat' dir='ltr'>miseratio-</span> 
     </span>
    </p>
   </div>
   <div class='ocr_carea' id='block_1_5' title="bbox 134 1075 1486 1800">
    <p class='ocr_par' dir='ltr' id='par_1_5' title="bbox 134 1075 1486 1800">
     <span class='ocr_line' id='line_1_13' title="bbox 134 1075 1475 1130; baseline -0.003 -14"><span class='ocrx_word' id='word_1_68' title='bbox 134 1092 208 1130; x_wconf 76' lang='lat' dir='ltr'>pro</span> <span class='ocrx_word' id='word_1_69' title='bbox 230 1080 364 1116; x_wconf 88' lang='lat' dir='ltr'>eodem</span> <span class='ocrx_word' id='word_1_70' title='bbox 385 1093 427 1116; x_wconf 84' lang='lat' dir='ltr'>ac</span> <span class='ocrx_word' id='word_1_71' title='bbox 447 1076 622 1129; x_wconf 81' lang='lat' dir='ltr'>depr-effa.</span> <span class='ocrx_word' id='word_1_72' title='bbox 652 1077 755 1114; x_wconf 82' lang='lat' dir='ltr'>Flor.</span> <span class='ocrx_word' id='word_1_73' title='bbox 777 1089 871 1113; x_wconf 81' lang='lat' dir='ltr'>mox</span> <span class='ocrx_word' id='word_1_74' title='bbox 893 1076 1045 1112; x_wconf 79' lang='lat' dir='ltr'>crebras.</span> <span class='ocrx_word' id='word_1_75' title='bbox 1306 1075 1475 1112; x_wconf 83' lang='lat' dir='ltr'>Paulum.</span> 
     </span>
     <span class='ocr_line' id='line_1_14' title="bbox 137 1132 1473 1183; baseline -0.004 -10"><span class='ocrx_word' id='word_1_76' title='bbox 137 1138 200 1173; x_wconf 81' lang='lat' dir='ltr'>Sic</span> <span class='ocrx_word' id='word_1_77' title='bbox 229 1149 362 1174; x_wconf 86' lang='lat' dir='ltr'>omnes</span> <span class='ocrx_word' id='word_1_78' title='bbox 390 1137 470 1172; x_wconf 83' lang='lat' dir='ltr'>mei</span> <span class='ocrx_word' id='word_1_79' title='bbox 491 1136 605 1170; x_wconf 81' lang='lat' dir='ltr'>etiam</span> <span class='ocrx_word' id='word_1_80' title='bbox 635 1135 680 1170; x_wconf 85' lang='lat' dir='ltr'>de</span> <span class='ocrx_word' id='word_1_81' title='bbox 704 1134 844 1183; x_wconf 84' lang='lat' dir='ltr'>quibus</span> <span class='ocrx_word' id='word_1_82' title='bbox 869 1143 966 1168; x_wconf 88' lang='lat' dir='ltr'>tacet</span> <span class='ocrx_word' id='word_1_83' title='bbox 989 1133 1097 1169; x_wconf 88' lang='lat' dir='ltr'>Gesn.</span> <span class='ocrx_word' id='word_1_84' title='bbox 1119 1142 1204 1168; x_wconf 80' lang='lat' dir='ltr'>ante</span> <span class='ocrx_word' id='word_1_85' title='bbox 1221 1132 1372 1180; x_wconf 83' lang='lat' dir='ltr'>Gryph.</span> <span class='ocrx_word' id='word_1_86' title='bbox 1394 1144 1473 1179; x_wconf 90' lang='lat' dir='ltr'>quo</span> 
     </span>
     <span class='ocr_line' id='line_1_15' title="bbox 139 1186 1476 1241; baseline -0.004 -12"><span class='ocrx_word' id='word_1_87' title='bbox 139 1186 399 1241; x_wconf 35' lang='lat' dir='ltr'>duee&#39;reliqui</span> <span class='ocrx_word' id='word_1_88' title='bbox 423 1193 640 1234; x_wconf 83' lang='lat' dir='ltr'>Paululum,</span> <span class='ocrx_word' id='word_1_89' title='bbox 672 1203 798 1239; x_wconf 86' lang='lat' dir='ltr'>neque</span> <span class='ocrx_word' id='word_1_90' title='bbox 821 1189 936 1225; x_wconf 82' lang='lat' dir='ltr'>credo</span> <span class='ocrx_word' id='word_1_91' title='bbox 956 1191 1091 1224; x_wconf 83' lang='lat' dir='ltr'>Burm.</span> <span class='ocrx_word' id='word_1_92' title='bbox 1118 1203 1166 1224; x_wconf 85' lang='lat' dir='ltr'>ex</span> <span class='ocrx_word' id='word_1_93' title='bbox 1185 1188 1287 1225; x_wconf 83' lang='lat' dir='ltr'>Alm.</span> <span class='ocrx_word' id='word_1_94' title='bbox 1309 1187 1415 1227; x_wconf 72' lang='lat' dir='ltr'>Voss&#39;.</span> <span class='ocrx_word' id='word_1_95' title='bbox 1438 1197 1476 1224; x_wconf 85' lang='lat'>2.</span> 
     </span>
     <span class='ocr_line' id='line_1_16' title="bbox 138 1245 1478 1299; baseline -0.004 -14"><span class='ocrx_word' id='word_1_96' title='bbox 138 1251 292 1298; x_wconf 71' lang='lat' dir='ltr'>notanti</span> <span class='ocrx_word' id='word_1_97' title='bbox 319 1249 526 1299; x_wconf 56' lang='lat' dir='ltr'>Paululum.</span> <span class='ocrx_word' id='word_1_98' title='bbox 559 1249 605 1285; x_wconf 86' lang='lat' dir='ltr'>cf.</span> <span class='ocrx_word' id='word_1_99' title='bbox 646 1261 709 1289; x_wconf 88' lang='lat'>10,</span> <span class='ocrx_word' id='word_1_100' title='bbox 740 1257 776 1289; x_wconf 87' lang='lat'>7,</span> <span class='ocrx_word' id='word_1_101' title='bbox 808 1253 872 1290; x_wconf 71' lang='lat'>24.</span> <span class='ocrx_word' id='word_1_102' title='bbox 904 1245 966 1280; x_wconf 87' lang='lat' dir='ltr'>Sic</span> <span class='ocrx_word' id='word_1_103' title='bbox 989 1256 1026 1281; x_wconf 89' lang='lat' dir='ltr'>et</span> <span class='ocrx_word' id='word_1_104' title='bbox 1043 1246 1075 1290; x_wconf 78' lang='lat'>§.</span> <span class='ocrx_word' id='word_1_105' title='bbox 1095 1252 1160 1294; x_wconf 79' lang='grc'>94.</span> <span class='ocrx_word' id='word_1_106' title='bbox 1185 1247 1317 1293; x_wconf 86' lang='lat' dir='ltr'>Camp.</span> <span class='ocrx_word' id='word_1_107' title='bbox 1345 1245 1478 1293; x_wconf 80' lang='lat' dir='ltr'>paulu-</span> 
     </span>
     <span class='ocr_line' id='line_1_17' title="bbox 141 1299 1479 1353; baseline -0.004 -13"><span class='ocrx_word' id='word_1_108' title='bbox 141 1299 220 1340; x_wconf 29' lang='lat' dir='ltr'>lum*</span> <span class='ocrx_word' id='word_1_109' title='bbox 244 1305 360 1342; x_wconf 79' lang='lat' dir='ltr'>solus.</span> <span class='ocrx_word' id='word_1_110' title='bbox 418 1306 492 1341; x_wconf 86' lang='lat' dir='ltr'>Sed</span> <span class='ocrx_word' id='word_1_111' title='bbox 522 1306 554 1349; x_wconf 59' lang='grc' dir='ltr'>ὖ.</span> <span class='ocrx_word' id='word_1_112' title='bbox 580 1305 643 1352; x_wconf 82' lang='grc'>96.</span> <span class='ocrx_word' id='word_1_113' title='bbox 673 1313 823 1353; x_wconf 80' lang='lat' dir='ltr'>praeter</span> <span class='ocrx_word' id='word_1_114' title='bbox 851 1302 984 1337; x_wconf 76' lang='lat' dir='ltr'>Turio.</span> <span class='ocrx_word' id='word_1_115' title='bbox 1004 1302 1108 1338; x_wconf 83' lang='lat' dir='ltr'>Flor.</span> <span class='ocrx_word' id='word_1_116' title='bbox 1132 1303 1261 1350; x_wconf 82' lang='lat' dir='ltr'>Camp.</span> <span class='ocrx_word' id='word_1_117' title='bbox 1285 1301 1479 1349; x_wconf 84' lang='lat' dir='ltr'>paululum</span> 
     </span>
     <span class='ocr_line' id='line_1_18' title="bbox 141 1357 1480 1406; baseline -0.004 -7"><span class='ocrx_word' id='word_1_118' title='bbox 141 1374 288 1399; x_wconf 77' lang='lat' dir='ltr'>omnes.</span> <span class='ocrx_word' id='word_1_119' title='bbox 325 1363 426 1399; x_wconf 85' lang='lat' dir='ltr'>Mox</span> <span class='ocrx_word' id='word_1_120' title='bbox 460 1362 648 1398; x_wconf 85' lang='lat' dir='ltr'>omittunt</span> <span class='ocrx_word' id='word_1_121' title='bbox 674 1362 711 1395; x_wconf 81' lang='lat' dir='ltr'>in</span> <span class='ocrx_word' id='word_1_122' title='bbox 741 1359 872 1394; x_wconf 76' lang='lat' dir='ltr'>Turio.</span> <span class='ocrx_word' id='word_1_123' title='bbox 903 1358 1008 1394; x_wconf 73' lang='lat' dir='ltr'>Hor.</span> <span class='ocrx_word' id='word_1_124' title='bbox 1037 1358 1165 1394; x_wconf 81' lang='lat' dir='ltr'>Guelf.</span> <span class='ocrx_word' id='word_1_125' title='bbox 1192 1358 1283 1406; x_wconf 89' lang='lat' dir='ltr'>(qui</span> <span class='ocrx_word' id='word_1_126' title='bbox 1311 1367 1349 1393; x_wconf 89' lang='lat' dir='ltr'>et</span> <span class='ocrx_word' id='word_1_127' title='bbox 1376 1357 1480 1394; x_wconf 72' lang='lat' dir='ltr'>solu·</span> 
     </span>
     <span class='ocr_line' id='line_1_19' title="bbox 141 1412 1481 1464; baseline -0.004 -10"><span class='ocrx_word' id='word_1_128' title='bbox 141 1419 277 1462; x_wconf 79' lang='lat' dir='ltr'>invidi)</span> <span class='ocrx_word' id='word_1_129' title='bbox 295 1417 414 1456; x_wconf 83' lang='lat' dir='ltr'>Goth.</span> <span class='ocrx_word' id='word_1_130' title='bbox 432 1421 519 1462; x_wconf 81' lang='lat' dir='ltr'>(tac.</span> <span class='ocrx_word' id='word_1_131' title='bbox 542 1418 671 1464; x_wconf 87' lang='lat' dir='ltr'>Gesn.)</span> <span class='ocrx_word' id='word_1_132' title='bbox 701 1418 832 1463; x_wconf 84' lang='lat' dir='ltr'>Camp.</span> <span class='ocrx_word' id='word_1_133' title='bbox 855 1427 943 1450; x_wconf 92' lang='lat' dir='ltr'>cum</span> <span class='ocrx_word' id='word_1_134' title='bbox 964 1412 1066 1450; x_wconf 80' lang='lat' dir='ltr'>Alm.</span> <span class='ocrx_word' id='word_1_135' title='bbox 1084 1415 1190 1454; x_wconf 81' lang='lat' dir='ltr'>Voss.</span> <span class='ocrx_word' id='word_1_136' title='bbox 1216 1426 1251 1450; x_wconf 86' lang='lat'>2.</span> <span class='ocrx_word' id='word_1_137' title='bbox 1275 1412 1377 1451; x_wconf 82' lang='lat' dir='ltr'>Vall.</span> <span class='ocrx_word' id='word_1_138' title='bbox 1417 1415 1481 1449; x_wconf 79' lang='lat' dir='ltr'>Ex</span> 
     </span>
     <span class='ocr_line' id='line_1_20' title="bbox 141 1470 1482 1521; baseline -0.004 -10"><span class='ocrx_word' id='word_1_139' title='bbox 141 1475 276 1512; x_wconf 84' lang='lat' dir='ltr'>Ambr.</span> <span class='ocrx_word' id='word_1_140' title='bbox 301 1485 337 1514; x_wconf 85' lang='lat'>2.</span> <span class='ocrx_word' id='word_1_141' title='bbox 357 1474 515 1509; x_wconf 80' lang='lat' dir='ltr'>affertur</span> <span class='ocrx_word' id='word_1_142' title='bbox 535 1473 695 1521; x_wconf 75' lang='lat' dir='ltr'>quidem</span> <span class='ocrx_word' id='word_1_143' title='bbox 726 1475 784 1511; x_wconf 86' lang='lat' dir='ltr'>in,</span> <span class='ocrx_word' id='word_1_144' title='bbox 818 1484 898 1506; x_wconf 87' lang='lat' dir='ltr'>non</span> <span class='ocrx_word' id='word_1_145' title='bbox 916 1470 1001 1506; x_wconf 84' lang='lat' dir='ltr'>satis</span> <span class='ocrx_word' id='word_1_146' title='bbox 1021 1471 1181 1506; x_wconf 83' lang='lat' dir='ltr'>confido</span> <span class='ocrx_word' id='word_1_147' title='bbox 1204 1481 1343 1507; x_wconf 84' lang='lat' dir='ltr'>tamen.</span> <span class='ocrx_word' id='word_1_148' title='bbox 1401 1470 1482 1507; x_wconf 83' lang='lat' dir='ltr'>Ne-</span> 
     </span>
     <span class='ocr_line' id='line_1_21' title="bbox 142 1525 1483 1579; baseline -0.004 -13"><span class='ocrx_word' id='word_1_149' title='bbox 142 1531 295 1567; x_wconf 69' lang='lat' dir='ltr'>cessaria</span> <span class='ocrx_word' id='word_1_150' title='bbox 313 1530 547 1579; x_wconf 75' lang='lat' dir='ltr'>praepositio</span> <span class='ocrx_word' id='word_1_151' title='bbox 575 1528 668 1573; x_wconf 75' lang='lat' dir='ltr'>(alia</span> <span class='ocrx_word' id='word_1_152' title='bbox 688 1527 863 1564; x_wconf 84' lang='lat' dir='ltr'>conditio</span> <span class='ocrx_word' id='word_1_153' title='bbox 895 1539 954 1566; x_wconf 86' lang='grc'>10,</span> <span class='ocrx_word' id='word_1_154' title='bbox 979 1538 1012 1567; x_wconf 79' lang='grc' dir='ltr'>ι,</span> <span class='ocrx_word' id='word_1_155' title='bbox 1035 1525 1130 1572; x_wconf 55' lang='grc'>83.)</span> <span class='ocrx_word' id='word_1_156' title='bbox 1166 1529 1265 1563; x_wconf 80' lang='lat' dir='ltr'>Mox</span> <span class='ocrx_word' id='word_1_157' title='bbox 1284 1526 1420 1562; x_wconf 81' lang='lat' dir='ltr'>Ambr.</span> <span class='ocrx_word' id='word_1_158' title='bbox 1443 1535 1483 1563; x_wconf 84' lang='lat'>2.</span> 
     </span>
     <span class='ocr_line' id='line_1_22' title="bbox 143 1582 1482 1626; baseline -0.003 -3"><span class='ocrx_word' id='word_1_159' title='bbox 143 1586 270 1623; x_wconf 83' lang='lat' dir='ltr'>Guelf.</span> <span class='ocrx_word' id='word_1_160' title='bbox 298 1589 392 1622; x_wconf 84' lang='lat' dir='ltr'>Exc.</span> <span class='ocrx_word' id='word_1_161' title='bbox 421 1588 572 1621; x_wconf 80' lang='lat' dir='ltr'>Samen.</span> <span class='ocrx_word' id='word_1_162' title='bbox 604 1586 721 1620; x_wconf 81' lang='lat' dir='ltr'>lenior</span> <span class='ocrx_word' id='word_1_163' title='bbox 756 1595 844 1619; x_wconf 90' lang='lat' dir='ltr'>cum</span> <span class='ocrx_word' id='word_1_164' title='bbox 875 1585 1008 1618; x_wconf 78' lang='lat' dir='ltr'>Ioann.</span> <span class='ocrx_word' id='word_1_165' title='bbox 1042 1583 1149 1622; x_wconf 83' lang='lat' dir='ltr'>Voss&#39;.</span> <span class='ocrx_word' id='word_1_166' title='bbox 1177 1598 1212 1620; x_wconf 83' lang='lat'>1.</span> <span class='ocrx_word' id='word_1_167' title='bbox 1246 1593 1281 1618; x_wconf 88' lang='lat'>2.</span> <span class='ocrx_word' id='word_1_168' title='bbox 1309 1592 1346 1626; x_wconf 78' lang='lat'>5.</span> <span class='ocrx_word' id='word_1_169' title='bbox 1377 1582 1482 1621; x_wconf 83' lang='lat' dir='ltr'>Vall.</span> 
     </span>
     <span class='ocr_line' id='line_1_23' title="bbox 145 1639 1484 1690; baseline -0.004 -10"><span class='ocrx_word' id='word_1_170' title='bbox 145 1642 241 1680; x_wconf 84' lang='lat' dir='ltr'>Obr.</span> <span class='ocrx_word' id='word_1_171' title='bbox 264 1644 382 1680; x_wconf 80' lang='lat' dir='ltr'>levior</span> <span class='ocrx_word' id='word_1_172' title='bbox 400 1643 497 1681; x_wconf 86' lang='lat' dir='ltr'>Jens.</span> <span class='ocrx_word' id='word_1_173' title='bbox 520 1655 608 1677; x_wconf 85' lang='lat' dir='ltr'>cum</span> <span class='ocrx_word' id='word_1_174' title='bbox 629 1642 786 1690; x_wconf 86' lang='lat' dir='ltr'>posterr.</span> <span class='ocrx_word' id='word_1_175' title='bbox 814 1639 899 1675; x_wconf 83' lang='lat' dir='ltr'>edd.</span> <span class='ocrx_word' id='word_1_176' title='bbox 922 1649 1005 1674; x_wconf 84' lang='lat' dir='ltr'>ante</span> <span class='ocrx_word' id='word_1_177' title='bbox 1027 1639 1113 1677; x_wconf 85' lang='lat' dir='ltr'>Ald.</span> <span class='ocrx_word' id='word_1_178' title='bbox 1141 1654 1183 1675; x_wconf 86' lang='lat' dir='ltr'>ac</span> <span class='ocrx_word' id='word_1_179' title='bbox 1203 1642 1243 1675; x_wconf 88' lang='lat' dir='ltr'>in</span> <span class='ocrx_word' id='word_1_180' title='bbox 1259 1639 1384 1674; x_wconf 79' lang='lat' dir='ltr'>bland.</span> <span class='ocrx_word' id='word_1_181' title='bbox 1404 1640 1484 1675; x_wconf 90' lang='lat' dir='ltr'>Tu-</span> 
     </span>
     <span class='ocr_line' id='line_1_24' title="bbox 142 1695 1486 1747; baseline -0.001 -13"><span class='ocrx_word' id='word_1_182' title='bbox 142 1699 214 1736; x_wconf 77' lang='lat' dir='ltr'>ric.</span> <span class='ocrx_word' id='word_1_183' title='bbox 226 1699 330 1736; x_wconf 84' lang='lat' dir='ltr'>Flor.</span> <span class='ocrx_word' id='word_1_184' title='bbox 356 1710 487 1735; x_wconf 80' lang='lat' dir='ltr'>errore</span> <span class='ocrx_word' id='word_1_185' title='bbox 511 1697 643 1747; x_wconf 83' lang='lat' dir='ltr'>seipso</span> <span class='ocrx_word' id='word_1_186' title='bbox 666 1698 820 1733; x_wconf 80' lang='lat' dir='ltr'>fatente.</span> <span class='ocrx_word' id='word_1_187' title='bbox 843 1697 891 1733; x_wconf 86' lang='lat' dir='ltr'>cf.</span> <span class='ocrx_word' id='word_1_188' title='bbox 917 1702 954 1740; x_wconf 80' lang='grc'>5,</span> <span class='ocrx_word' id='word_1_189' title='bbox 976 1704 1013 1739; x_wconf 78' lang='grc'>5,</span> <span class='ocrx_word' id='word_1_190' title='bbox 1041 1707 1078 1734; x_wconf 82' lang='lat'>2.</span> <span class='ocrx_word' id='word_1_191' title='bbox 1113 1705 1149 1732; x_wconf 79' lang='lat' dir='ltr'>et</span> <span class='ocrx_word' id='word_1_192' title='bbox 1168 1698 1191 1733; x_wconf 85' lang='lat' dir='ltr'>i.</span> <span class='ocrx_word' id='word_1_193' title='bbox 1213 1696 1247 1732; x_wconf 79' lang='lat' dir='ltr'>b.</span> <span class='ocrx_word' id='word_1_194' title='bbox 1278 1695 1398 1734; x_wconf 85' lang='lat' dir='ltr'>Goth.</span> <span class='ocrx_word' id='word_1_195' title='bbox 1420 1703 1486 1732; x_wconf 75' lang='lat' dir='ltr'>aut</span> 
     </span>
     <span class='ocr_line' id='line_1_25' title="bbox 146 1756 414 1800; baseline 0 -8"><span class='ocrx_word' id='word_1_196' title='bbox 146 1758 172 1792; x_wconf 84' lang='grc' dir='ltr'>ἰ.</span> <span class='ocrx_word' id='word_1_197' title='bbox 194 1756 227 1795; x_wconf 85' lang='lat' dir='ltr'>b.</span> <span class='ocrx_word' id='word_1_198' title='bbox 247 1756 355 1795; x_wconf 82' lang='lat' dir='ltr'>voff.</span> <span class='ocrx_word' id='word_1_199' title='bbox 376 1765 414 1800; x_wconf 83' lang='lat'>5.</span> 
     </span>
    </p>
   </div>
   <div class='ocr_carea' id='block_1_6' title="bbox 147 1858 1486 1981">
    <p class='ocr_par' dir='ltr' id='par_1_6' title="bbox 147 1858 1486 1981">
     <span class='ocr_line' id='line_1_26' title="bbox 235 1858 1486 1920; baseline -0.002 -17"><span class='ocrx_word' id='word_1_200' title='bbox 235 1867 300 1911; x_wconf 73' lang='grc'>64.</span> <span class='ocrx_word' id='word_1_201' title='bbox 331 1866 661 1920; x_wconf 78' lang='lat' dir='ltr'>adhortationibus.</span> <span class='ocrx_word' id='word_1_202' title='bbox 689 1858 794 1901; x_wconf 73' lang='lat' dir='ltr'>Flor.</span> <span class='ocrx_word' id='word_1_203' title='bbox 825 1864 920 1909; x_wconf 84' lang='lat' dir='ltr'>(hic</span> <span class='ocrx_word' id='word_1_204' title='bbox 949 1864 1109 1912; x_wconf 80' lang='lat' dir='ltr'>quidem</span> <span class='ocrx_word' id='word_1_205' title='bbox 1141 1865 1327 1912; x_wconf 81' lang='lat' dir='ltr'><strong>divisim)</strong></span> <span class='ocrx_word' id='word_1_206' title='bbox 1353 1865 1486 1915; x_wconf 82' lang='lat' dir='ltr'>Camp.</span> 
     </span>
     <span class='ocr_line' id='line_1_27' title="bbox 147 1920 1312 1981; baseline -0.004 -20"><span class='ocrx_word' id='word_1_207' title='bbox 147 1922 214 1981; x_wconf 80' lang='lat' dir='ltr'>(cs.</span> <span class='ocrx_word' id='word_1_208' title='bbox 242 1933 279 1967; x_wconf 79' lang='lat'>3,</span> <span class='ocrx_word' id='word_1_209' title='bbox 313 1923 351 1963; x_wconf 84' lang='lat'>6,</span> <span class='ocrx_word' id='word_1_210' title='bbox 380 1925 465 1967; x_wconf 81' lang='lat'>53.)</span> <span class='ocrx_word' id='word_1_211' title='bbox 495 1922 825 1959; x_wconf 70' lang='lat' dir='ltr'>abhortationibus.</span> <span class='ocrx_word' id='word_1_212' title='bbox 861 1920 989 1957; x_wconf 86' lang='lat' dir='ltr'>Guelf.</span> <span class='ocrx_word' id='word_1_213' title='bbox 1018 1921 1312 1957; x_wconf 82' lang='lat' dir='ltr'>adhortantibus.</span> 
     </span>
    </p>
   </div>
   <div class='ocr_carea' id='block_1_7' title="bbox 147 2067 1549 2741">
    <p class='ocr_par' dir='ltr' id='par_1_7' title="bbox 147 2067 1549 2683">
     <span class='ocr_line' id='line_1_28' title="bbox 147 2067 1492 2120; baseline -0.001 -14"><span class='ocrx_word' id='word_1_214' title='bbox 147 2069 309 2120; x_wconf 81' lang='lat' dir='ltr'>singulis</span> <span class='ocrx_word' id='word_1_215' title='bbox 335 2068 499 2105; x_wconf 77' lang='lat' dir='ltr'>floribus</span> <span class='ocrx_word' id='word_1_216' title='bbox 526 2078 564 2104; x_wconf 82' lang='lat' dir='ltr'>et</span> <span class='ocrx_word' id='word_1_217' title='bbox 582 2068 791 2105; x_wconf 80' lang='lat' dir='ltr'>fruticibus</span> <span class='ocrx_word' id='word_1_218' title='bbox 849 2079 913 2105; x_wconf 79' lang='lat' dir='ltr'>tui·</span> <span class='ocrx_word' id='word_1_219' title='bbox 943 2069 985 2104; x_wconf 88' lang='lat' dir='ltr'>in</span> <span class='ocrx_word' id='word_1_220' title='bbox 1016 2067 1248 2117; x_wconf 86' lang='lat' dir='ltr'>quibusdam</span> <span class='ocrx_word' id='word_1_221' title='bbox 1279 2067 1412 2109; x_wconf 83' lang='lat' dir='ltr'>libris,</span> <span class='ocrx_word' id='word_1_222' title='bbox 1449 2067 1492 2111; x_wconf 68' lang='lat' dir='ltr'>id</span> 
     </span>
     <span class='ocr_line' id='line_1_29' title="bbox 148 2125 1493 2174; baseline -0.004 -10"><span class='ocrx_word' id='word_1_223' title='bbox 148 2127 426 2164; x_wconf 80' lang='lat' dir='ltr'>accommodet.</span> <span class='ocrx_word' id='word_1_224' title='bbox 508 2126 623 2173; x_wconf 87' lang='lat' dir='ltr'>Quod</span> <span class='ocrx_word' id='word_1_225' title='bbox 662 2135 791 2161; x_wconf 81' lang='lat' dir='ltr'>autem</span> <span class='ocrx_word' id='word_1_226' title='bbox 851 2138 1006 2174; x_wconf 89' lang='lat' dir='ltr'>quoque</span> <span class='ocrx_word' id='word_1_227' title='bbox 1056 2125 1187 2160; x_wconf 85' lang='lat' dir='ltr'>suadet</span> <span class='ocrx_word' id='word_1_228' title='bbox 1234 2125 1340 2174; x_wconf 86' lang='lat' dir='ltr'>quod</span> <span class='ocrx_word' id='word_1_229' title='bbox 1391 2125 1493 2160; x_wconf 85' lang='lat' dir='ltr'>infra</span> 
     </span>
     <span class='ocr_line' id='line_1_30' title="bbox 149 2180 1496 2226; baseline -0.003 -6"><span class='ocrx_word' id='word_1_230' title='bbox 149 2196 244 2220; x_wconf 84' lang='lat' dir='ltr'>mox</span> <span class='ocrx_word' id='word_1_231' title='bbox 267 2184 318 2221; x_wconf 82' lang='lat' dir='ltr'>est</span> <span class='ocrx_word' id='word_1_232' title='bbox 338 2183 472 2222; x_wconf 76' lang='lat' dir='ltr'>crebra,</span> <span class='ocrx_word' id='word_1_233' title='bbox 504 2181 718 2218; x_wconf 86' lang='lat' dir='ltr'>ablativum</span> <span class='ocrx_word' id='word_1_234' title='bbox 734 2195 792 2217; x_wconf 89' lang='lat' dir='ltr'>ca·</span> <span class='ocrx_word' id='word_1_235' title='bbox 850 2182 882 2226; x_wconf 83' lang='lat'>§.</span> <span class='ocrx_word' id='word_1_236' title='bbox 915 2181 1005 2223; x_wconf 79' lang='grc'>167.</span> <span class='ocrx_word' id='word_1_237' title='bbox 1029 2181 1097 2222; x_wconf 50' lang='lat' dir='ltr'>‚est</span> <span class='ocrx_word' id='word_1_238' title='bbox 1132 2181 1266 2217; x_wconf 72' lang='lat' dir='ltr'>lentius</span> <span class='ocrx_word' id='word_1_239' title='bbox 1302 2182 1345 2217; x_wconf 80' lang='grc'>111</span> <span class='ocrx_word' id='word_1_240' title='bbox 1374 2180 1496 2216; x_wconf 82' lang='lat' dir='ltr'>simili</span> 
     </span>
     <span class='ocr_line' id='line_1_31' title="bbox 151 2237 1549 2289; baseline -0.003 -13"><span class='ocrx_word' id='word_1_241' title='bbox 151 2242 233 2276; x_wconf 87' lang='lat' dir='ltr'>sum</span> <span class='ocrx_word' id='word_1_242' title='bbox 271 2239 419 2289; x_wconf 76' lang='lat' dir='ltr'>accipio</span> <span class='ocrx_word' id='word_1_243' title='bbox 457 2238 716 2289; x_wconf 77' lang='lat' dir='ltr'>pertinentem</span> <span class='ocrx_word' id='word_1_244' title='bbox 746 2238 793 2273; x_wconf 81' lang='lat' dir='ltr'>ad</span> <span class='ocrx_word' id='word_1_245' title='bbox 850 2238 1054 2278; x_wconf 85' lang='lat' dir='ltr'>sententia;</span> <span class='ocrx_word' id='word_1_246' title='bbox 1085 2237 1188 2273; x_wconf 84' lang='lat' dir='ltr'>unde</span> <span class='ocrx_word' id='word_1_247' title='bbox 1210 2248 1365 2288; x_wconf 70' lang='lat' dir='ltr'>apparet</span> <span class='ocrx_word' id='word_1_248' title='bbox 1386 2250 1496 2286; x_wconf 77' lang='lat' dir='ltr'>prae·</span> <span class='ocrx_word' id='word_1_249' title='bbox 1542 2272 1549 2275; x_wconf 69' lang='grc'><strong><em>,</em></strong></span> 
     </span>
     <span class='ocr_line' id='line_1_32' title="bbox 152 2293 1497 2346; baseline -0.003 -13"><span class='ocrx_word' id='word_1_250' title='bbox 152 2295 442 2346; x_wconf 68' lang='lat' dir='ltr'>respirationem.</span> <span class='ocrx_word' id='word_1_251' title='bbox 514 2295 620 2342; x_wconf 83' lang='lat' dir='ltr'>Quae</span> <span class='ocrx_word' id='word_1_252' title='bbox 654 2295 793 2330; x_wconf 85' lang='lat' dir='ltr'>deinde</span> <span class='ocrx_word' id='word_1_253' title='bbox 851 2305 964 2335; x_wconf 83' lang='lat' dir='ltr'>terea,</span> <span class='ocrx_word' id='word_1_254' title='bbox 995 2293 1092 2342; x_wconf 86' lang='lat' dir='ltr'>quid</span> <span class='ocrx_word' id='word_1_255' title='bbox 1123 2294 1181 2333; x_wconf 82' lang='lat' dir='ltr'>fit,</span> <span class='ocrx_word' id='word_1_256' title='bbox 1211 2294 1319 2343; x_wconf 88' lang='lat' dir='ltr'>quod</span> <span class='ocrx_word' id='word_1_257' title='bbox 1342 2293 1497 2340; x_wconf 78' lang='lat' dir='ltr'>inferio-</span> 
     </span>
     <span class='ocr_line' id='line_1_33' title="bbox 154 2349 1496 2400; baseline -0.004 -11"><span class='ocrx_word' id='word_1_258' title='bbox 154 2351 468 2400; x_wconf 79' lang='lat' dir='ltr'>disputationibus</span> <span class='ocrx_word' id='word_1_259' title='bbox 489 2351 688 2400; x_wconf 81' lang='lat' dir='ltr'>quaeritur</span> <span class='ocrx_word' id='word_1_260' title='bbox 702 2360 795 2387; x_wconf 84' lang='lat' dir='ltr'>teres</span> <span class='ocrx_word' id='word_1_261' title='bbox 852 2365 928 2387; x_wconf 86' lang='lat' dir='ltr'>rum</span> <span class='ocrx_word' id='word_1_262' title='bbox 955 2350 1019 2386; x_wconf 86' lang='lat' dir='ltr'>hic</span> <span class='ocrx_word' id='word_1_263' title='bbox 1048 2349 1098 2385; x_wconf 84' lang='lat' dir='ltr'>fit</span> <span class='ocrx_word' id='word_1_264' title='bbox 1124 2349 1285 2386; x_wconf 85' lang='lat' dir='ltr'>mentio.</span> <span class='ocrx_word' id='word_1_265' title='bbox 1353 2350 1496 2397; x_wconf 83' lang='lat' dir='ltr'>Neque</span> 
     </span>
     <span class='ocr_line' id='line_1_34' title="bbox 153 2404 1498 2457; baseline -0.006 -10"><span class='ocrx_word' id='word_1_266' title='bbox 153 2422 256 2451; x_wconf 83' lang='lat' dir='ltr'>vox,</span> <span class='ocrx_word' id='word_1_267' title='bbox 288 2409 371 2455; x_wconf 85' lang='lat' dir='ltr'>ejus</span> <span class='ocrx_word' id='word_1_268' title='bbox 396 2407 516 2457; x_wconf 76' lang='lat' dir='ltr'>ipsius</span> <span class='ocrx_word' id='word_1_269' title='bbox 543 2421 702 2457; x_wconf 81' lang='lat' dir='ltr'>quoque</span> <span class='ocrx_word' id='word_1_270' title='bbox 730 2421 796 2456; x_wconf 87' lang='lat' dir='ltr'>ap·</span> <span class='ocrx_word' id='word_1_271' title='bbox 855 2409 958 2444; x_wconf 78' lang='lat' dir='ltr'>enim</span> <span class='ocrx_word' id='word_1_272' title='bbox 997 2405 1061 2442; x_wconf 84' lang='lat' dir='ltr'>illi</span> <span class='ocrx_word' id='word_1_273' title='bbox 1097 2418 1175 2442; x_wconf 80' lang='lat' dir='ltr'>tam</span> <span class='ocrx_word' id='word_1_274' title='bbox 1215 2407 1340 2456; x_wconf 84' lang='lat' dir='ltr'>aspere</span> <span class='ocrx_word' id='word_1_275' title='bbox 1375 2404 1498 2441; x_wconf 86' lang='lat' dir='ltr'>solent</span> 
     </span>
     <span class='ocr_line' id='line_1_35' title="bbox 153 2463 1496 2516; baseline -0.004 -14"><span class='ocrx_word' id='word_1_276' title='bbox 153 2463 405 2516; x_wconf 74' lang='lat' dir='ltr'>pellationem</span> <span class='ocrx_word' id='word_1_277' title='bbox 447 2465 494 2501; x_wconf 84' lang='lat' dir='ltr'>ab</span> <span class='ocrx_word' id='word_1_278' title='bbox 542 2463 796 2500; x_wconf 84' lang='lat' dir='ltr'>similitudine</span> <span class='ocrx_word' id='word_1_279' title='bbox 852 2463 1035 2499; x_wconf 78' lang='lat' dir='ltr'>inceffere</span> <span class='ocrx_word' id='word_1_280' title='bbox 1076 2463 1218 2512; x_wconf 85' lang='lat' dir='ltr'>quibus</span> <span class='ocrx_word' id='word_1_281' title='bbox 1258 2475 1398 2499; x_wconf 80' lang='lat' dir='ltr'>nocere</span> <span class='ocrx_word' id='word_1_282' title='bbox 1431 2473 1496 2496; x_wconf 91' lang='lat' dir='ltr'>cu·</span> 
     </span>
     <span class='ocr_line' id='line_1_36' title="bbox 157 2517 1498 2569; baseline -0.004 -11"><span class='ocrx_word' id='word_1_283' title='bbox 157 2523 363 2569; x_wconf 82' lang='lat' dir='ltr'>quaesitam</span> <span class='ocrx_word' id='word_1_284' title='bbox 396 2532 498 2557; x_wconf 82' lang='lat' dir='ltr'>recte</span> <span class='ocrx_word' id='word_1_285' title='bbox 524 2522 711 2557; x_wconf 79' lang='lat' dir='ltr'>Gesnerus</span> <span class='ocrx_word' id='word_1_286' title='bbox 731 2533 797 2556; x_wconf 84' lang='lat' dir='ltr'>vo·</span> <span class='ocrx_word' id='word_1_287' title='bbox 855 2520 981 2569; x_wconf 84' lang='lat' dir='ltr'>piuut.</span> <span class='ocrx_word' id='word_1_288' title='bbox 1001 2519 1048 2556; x_wconf 86' lang='lat' dir='ltr'>cf.</span> <span class='ocrx_word' id='word_1_289' title='bbox 1069 2531 1107 2555; x_wconf 90' lang='lat' dir='ltr'>et</span> <span class='ocrx_word' id='word_1_290' title='bbox 1126 2520 1159 2564; x_wconf 83' lang='lat'>§.</span> <span class='ocrx_word' id='word_1_291' title='bbox 1186 2533 1200 2553; x_wconf 88' lang='grc'>1</span> <span class='ocrx_word' id='word_1_292' title='bbox 1215 2534 1230 2555; x_wconf 85' lang='grc' dir='ltr'>ι</span> <span class='ocrx_word' id='word_1_293' title='bbox 1245 2533 1279 2555; x_wconf 85' lang='grc'>1.</span> <span class='ocrx_word' id='word_1_294' title='bbox 1297 2517 1498 2554; x_wconf 70' lang='lat' dir='ltr'>Humilio-</span> 
     </span>
     <span class='ocr_line' id='line_1_37' title="bbox 156 2576 1497 2624; baseline -0.004 -10"><span class='ocrx_word' id='word_1_295' title='bbox 156 2577 307 2615; x_wconf 72' lang='lat' dir='ltr'>labilem</span> <span class='ocrx_word' id='word_1_296' title='bbox 327 2577 418 2613; x_wconf 82' lang='lat' dir='ltr'>alias</span> <span class='ocrx_word' id='word_1_297' title='bbox 440 2578 519 2613; x_wconf 81' lang='lat' dir='ltr'>dici</span> <span class='ocrx_word' id='word_1_298' title='bbox 538 2577 684 2614; x_wconf 78' lang='lat' dir='ltr'>monet.</span> <span class='ocrx_word' id='word_1_299' title='bbox 856 2590 936 2612; x_wconf 88' lang='lat' dir='ltr'>rum</span> <span class='ocrx_word' id='word_1_300' title='bbox 959 2576 1030 2612; x_wconf 75' lang='lat' dir='ltr'>ess&#39;e</span> <span class='ocrx_word' id='word_1_301' title='bbox 1058 2576 1249 2611; x_wconf 87' lang='lat' dir='ltr'>invidiam</span> <span class='ocrx_word' id='word_1_302' title='bbox 1267 2576 1377 2623; x_wconf 85' lang='lat' dir='ltr'>supra</span> <span class='ocrx_word' id='word_1_303' title='bbox 1401 2586 1497 2624; x_wconf 80' lang='lat' dir='ltr'>quo·</span> 
     </span>
     <span class='ocr_line' id='line_1_38' title="bbox 215 2632 1387 2683; baseline 0 -14"><span class='ocrx_word' id='word_1_304' title='bbox 215 2635 362 2670; x_wconf 80' lang='lat' dir='ltr'>lentior.</span> <span class='ocrx_word' id='word_1_305' title='bbox 417 2636 557 2673; x_wconf 85' lang='lat' dir='ltr'>Veram</span> <span class='ocrx_word' id='word_1_306' title='bbox 588 2634 688 2671; x_wconf 83' lang='lat' dir='ltr'>hanc</span> <span class='ocrx_word' id='word_1_307' title='bbox 725 2633 798 2670; x_wconf 78' lang='lat' dir='ltr'>effe</span> <span class='ocrx_word' id='word_1_308' title='bbox 857 2646 932 2683; x_wconf 77' lang='lat' dir='ltr'>que</span> <span class='ocrx_word' id='word_1_309' title='bbox 954 2632 1143 2675; x_wconf 77' lang='lat' dir='ltr'>vidimus,</span> <span class='ocrx_word' id='word_1_310' title='bbox 1171 2645 1232 2673; x_wconf 81' lang='grc' dir='ltr'>ιι,</span> <span class='ocrx_word' id='word_1_311' title='bbox 1260 2645 1294 2675; x_wconf 86' lang='grc'>1,</span> <span class='ocrx_word' id='word_1_312' title='bbox 1323 2640 1387 2676; x_wconf 83' lang='grc'>17.</span> 
     </span>
    </p>

    <p class='ocr_par' dir='ltr' id='par_1_8' title="bbox 158 2689 799 2741">
     <span class='ocr_line' id='line_1_39' title="bbox 158 2689 799 2741; baseline -0.003 -14"><span class='ocrx_word' id='word_1_313' title='bbox 158 2702 309 2732; x_wconf 79' lang='lat' dir='ltr'>vocem,</span> <span class='ocrx_word' id='word_1_314' title='bbox 325 2703 397 2741; x_wconf 84' lang='lat' dir='ltr'>pro</span> <span class='ocrx_word' id='word_1_315' title='bbox 412 2703 484 2741; x_wconf 82' lang='lat' dir='ltr'>qua</span> <span class='ocrx_word' id='word_1_316' title='bbox 496 2689 591 2728; x_wconf 78' lang='lat' dir='ltr'>aliae</span> <span class='ocrx_word' id='word_1_317' title='bbox 604 2691 799 2740; x_wconf 84' lang='lat' dir='ltr'>objiciun-</span> 
     </span>
    </p>
   </div>
  </div>
 </body>
</html>
