1676 3028
276 219 371 275 366
588 219 662 266 M.
694 221 732 266 F
733 221 827 264 AB.
865 221 1274 280 QUINTILIANI

272 352 361 393 aut
385 343 630 392 transitus
665 340 970 407 postulabit:
1008 354 1068 392 ut
1094 347 1187 409 qui
1221 345 1437 411 fiugulis
1466 349 1585 414 pin-

211 449 219 470 :.-
243 457 246 461 -
270 429 461 468 xerunt
488 417 765 473 coloribus,
790 418 887 464 alia
911 429 1082 466 tamen
1103 422 1457 480 eminentiora,
1487 425 1585 471 alia

276 491 570 543 reductiora
586 490 836 550 fecerunt,
859 492 968 541 sine
992 511 1098 557 quo
1119 511 1185 542 ne
1206 498 1450 546 membris
1468 500 1586 563 qui-

202 576 255 620 47
279 570 397 618 dem
417 567 529 616 suas
552 567 713 616 lineas
737 566 998 617 dediffent.
1063 573 1418 634 Proponamus
1444 574 1586 621 enim

274 645 426 694 nobis
454 641 593 690 illud
622 643 888 692 Ciceronis
923 645 981 691 in
1014 646 1251 693 oratione
1284 646 1587 696 nobiliffirna

273 735 371 785 pro
406 719 612 767 Milone
647 719 995 783 principium,
1059 737 1237 769 nonne
1267 721 1332 768 ad
1363 719 1586 786 singulas

272 811 436 861 paene
469 786 848 850 distinctiones,
888 797 1127 858 quamvis
1161 796 1218 843 in
1242 796 1418 844 eadem
1440 795 1586 855 facie,

272 881 444 919 tamen
465 867 608 933 quasi
627 869 804 917 vultus
829 870 1112 918 mutandus
1131 869 1233 918 est?
1253 867 1371 940 Efsz
1387 888 1588 930 vereor,
1616 927 1617 930 Ἰ

265 946 474 1010 judices,
514 961 574 992 ne
597 954 747 1007 turpe
764 940 849 1014 sic,
876 961 974 1008 pro
981 939 1266 1014 f01·t{ffimo
1287 949 1401 995 viro
1421 948 1588 998 dicere

202 1033 252 1072 48
277 1024 585 1085 incipientem
637 1023 823 1067 timere.
921 1020 1130 1067 Etiamsi
1163 1031 1273 1069 toto
1319 1021 1586 1086 propofito

276 1107 594 1146 contractum
627 1105 780 1157 atque
813 1093 1160 1154 summissum,
1200 1097 1319 1159 quia
1354 1107 1403 1144 et
1440 1113 1588 1145 exor-
1630 1144 1640 1153 χ

273 1172 422 1221 dium
445 1169 530 1227 est,
566 1181 616 1218 et
637 1170 847 1219 solliciti
870 1170 1172 1219 exordium:
1213 1181 1386 1220 tamen
1412 1171 1588 1230 fuerit,

270 1245 465 1297 neceffe
500 1244 596 1302 est,
633 1245 836 1309 aliquid
861 1246 1069 1311 plenius
1102 1237 1153 1293 et
1179 1248 1427 1303 erectius,
1466 1262 1588 1295 cum

272 1323 423 1380 dicit,
470 1323 576 1370 Pro
599 1312 885 1390 s01·c{ffimo
913 1323 1055 1378 viro,
1094 1337 1254 1386 quam
1289 1312 1435 1380 cuni,
1472 1317 1591 1393 Effi

357 1492 420 1528 47.
450 1481 680 1532 nobiiffma.
715 1482 844 1517 Tui-ic.
866 1481 967 1518 Flor.
990 1480 1179 1531 nomffima
1209 1495 1296 1518 cum
1318 1482 1417 1517 Alm.
1463 1484 1586 1519 Modo

272 1542 402 1587 Camp.
434 1541 712 1584 praeponamus.
750 1539 824 1571 Pro
839 1536 941 1584 facie
967 1537 1071 1572 idem
1088 1537 1212 1584 facile.
1241 1537 1343 1573 Flor.
1367 1548 1493 1573 autem
1513 1551 1586 1587 pro

267 1597 408 1642 judices
430 1594 491 1629 dat
507 1593 613 1628 vidis.

356 1689 419 1729 48.
450 1679 610 1727 Etiamsi
627 1689 719 1716 tote.
750 1679 811 1714 Sic
837 1679 967 1727 Camp.
991 1682 1101 1713 etiam
1122 1687 1200 1713 toto
1221 1679 1353 1716 Turio.
1374 1680 1476 1716 Flor.
1497 1693 1586 1716 cum

270 1739 371 1776 Alm.
428 1736 584 1783 Reliqui
620 1735 790 1770 inserunt
822 1731 880 1780 est·-
947 1734 1041 1768 Mox
1074 1732 1292 1781 commiffum
1323 1735 1452 1770 Turio.
1483 1735 1586 1772 Flor.

272 1796 401 1842 Camp.
422 1804 508 1828 cum
529 1789 628 1825 Alm.
661 1792 733 1824 Pro
756 1791 839 1837 quia
859 1788 988 1825 Turio.
1009 1788 1109 1823 Flor.
1128 1801 1232 1836 quae,
1254 1788 1385 1827 Ambr.
1401 1799 1435 1826 2.
1460 1789 1586 1834 Guelf.

272 1864 353 1899 qua,
394 1850 524 1894 Camp.
549 1846 657 1894 quod.
713 1845 925 1879 Postremus
957 1857 1045 1879 cum
1069 1844 1151 1879 edd.
1182 1853 1266 1878 ante
1290 1843 1375 1878 Ald.
1395 1845 1475 1892 post
1497 1858 1587 1880 con-

269 1904 508 1952 junctionem
537 1900 682 1937 omittit
707 1908 753 1939 et,
779 1898 891 1937 male.
1145 1912 1223 1934 cum
1246 1898 1346 1935 dicit.
1378 1899 1439 1936 Sic
1457 1901 1586 1936 Turio.

327 2047 566 2083 eminentiora
593 2064 647 2071 —
685 2043 900 2079 reductiora.
957 2041 1088 2076 vultus.
1145 2040 1310 2087 Egregie
1346 2052 1383 2077 et
1420 2043 1586 2078 maxima

271 2104 344 2138 His
380 2101 608 2136 illustrandis
648 2109 796 2148 praeter
830 2097 902 2132 alia
958 2108 1044 2131 cum
1080 2096 1309 2144 proprietate
1339 2109 1587 2145 opponuntur

270 2159 399 2194 minus
429 2158 586 2204 propria
618 2154 775 2190 adhibet
804 2155 900 2187 Bur·
949 2150 1067 2198 facies
1090 2161 1125 2185 et
1143 2151 1261 2186 vultus
1277 2151 1416 2200 (magis
1430 2154 1586 2200 quidem

270 2225 430 2249 mannus
462 2222 496 2250 2,
526 2221 583 2254 17,
619 2222 680 2245 21.
714 2222 790 2256 quo
812 2208 899 2242 loco
958 2205 1183 2254 quamfrons
1199 2217 1235 2240 et
1246 2205 1365 2253 facies
1386 2214 1422 2250 4,
1443 2221 1475 2248 1,
1489 2211 1585 2254 42.)‚

271 2272 425 2304 eminere
456 2277 493 2302 et
523 2267 684 2301 recedere
721 2265 900 2298 dicuntur
958 2273 993 2295 et
1014 2262 1115 2300 hinc,
1144 2262 1245 2308 quod
1263 2272 1385 2297 tamen
1403 2275 1480 2298 non
1492 2263 1585 2299 adeo

271 2324 452 2372 quaedam
496 2323 536 2356 in
568 2334 680 2369 opere
717 2319 899 2366 pictoris;
956 2316 1214 2355 manifestum,
1247 2318 1307 2351 sua
1340 2317 1384 2351 de
1415 2319 1516 2353 vultu
1549 2328 1586 2353 et

270 2381 362 2415 item
397 2377 568 2412 Philostr.
597 2378 638 2411 in
664 2376 741 2409 vita
771 2372 897 2421 Apoll.
949 2371 1051 2418 facie
1082 2372 1243 2406 sumfiffe
1262 2372 1409 2408 Vallam
1433 2372 1584 2420 (Elegg.

273 2446 308 2473 2,
334 2445 394 2469 20.
417 2433 455 2467 τὸ
480 2432 616 2479 εἰσέχον
629 2430 809 2475 εῑέξέχον,
831 2427 901 2463 ubi
956 2435 994 2471 4,
1023 2436 1080 2469 ¹3.
1104 2440 1139 2474 p.
1162 2430 1273 2470 515.)
1295 2428 1496 2475 suspicatur
1515 2429 1584 2462 Ba-

274 2489 449 2524 Olearius
475 2491 602 2522 nohro
625 2497 749 2521 utatur
777 2483 841 2528 (cf.
862 2490 899 2525 8,
958 2481 1056 2516 dius.

275 2549 320 2587 5,
365 2540 467 2589 29.).
506 2544 678 2577 Picum-ae
715 2537 902 2575 vocabula
1012 2543 1078 2581 48.
1109 2546 1330 2571 contractum
1359 2545 1466 2584 atque
1483 2535 1584 2584 sum-

271 2598 492 2647 peritissime
524 2597 739 2645 usin-pavia
787 2594 833 2630 οἱ.
861 2601 899 2635 8.
958 2591 1105 2639 miſj‘czm.
1135 2592 1211 2626 Hic
1229 2594 1342 2626 verba
1362 2604 1482 2638 prope
1501 2592 1585 2639 syn-

274 2663 310 2697 5,
334 2661 396 2696 25.
958 2661 1107 2694 onyma.
1154 2647 1278 2680 Aliter
1314 2647 1488 2695 usurpata
1520 2647 1584 2682 su-

332 2717 395 2752 47.
409 2709 446 2742 in
456 2707 703 2755 eademfacie‚
717 2716 901 2743 tamen—
955 2716 1022 2753 pra
1046 2716 1105 2744 ιι,
1131 2714 1164 2742 1,
1189 2708 1252 2745 45.
