1676 3028
281 236 380 289 234
596 225 671 272 M.
705 228 838 274 FAB.
873 229 1281 290 QUINTILIANI

280 355 458 404 minus
477 354 565 402 vel
592 350 826 405 excusata
853 349 1072 399 debeant
1098 352 1283 410 videri,
1320 355 1405 402 vel
1426 370 1607 420 reptes

210 443 258 480 ⁸5
280 429 570 479 hendenda.
643 430 777 476 Cum
801 426 1031 474 dicamus
1053 438 1225 476 autem
1247 429 1311 479 de
1333 430 1490 478 rebus
1512 439 1602 478 aut

281 506 477 561 alienis,
498 513 586 552 aut
606 501 809 558 nostris,
838 501 1124 550 dividenda
1148 504 1277 553 ratio
1305 503 1376 552 est
1400 521 1601 561 eorum,

280 581 411 629 dum
433 579 653 626 sciamus
673 578 923 644 pleraque
945 588 1133 625 neutro
1163 578 1280 629 loco
1302 580 1601 628 convenire.

277 655 543 720 Imprimis
573 654 737 716 igitur
764 654 935 701 omnis
966 651 1044 701 sui
1076 651 1261 701 vitiosa
1287 655 1488 713 jactatio
1513 653 1600 711 est,

279 730 608 793 eloquentiae
679 738 851 775 tamen
916 729 973 776 in
1037 739 1238 776 oratore
1293 729 1602 795 praecipue;

275 801 527 869 affertque
575 803 911 852 audientibus
957 820 1068 851 non
1109 801 1375 852 fastidium
1420 802 1599 861 modo,

277 945 448 982 cedenda.
670 940 856 992 *excusata
886 945 948 979 Sic
964 943 1093 978 Turio.
1113 942 1215 979 Flor.
1249 942 1381 978 Ambr.
1404 953 1440 979 2.
1470 941 1598 979 Guelf-

276 1001 408 1050 Camp.
430 1013 518 1036 cum
538 998 639 1036 Alm.
657 999 758 1036 Voff.
787 1012 820 1034 x.
835 1008 920 1041 2.3.
949 999 1064 1034 Goth.
1087 997 1198 1035 Colb.
1218 1001 1329 1034 Bern'.
1352 1009 1389 1033 et
1409 997 1492 1034 edd.
1514 1007 1600 1032 ante

275 1058 399 1092 Stoer.
434 1056 593 1103 Reliqui
623 1051 836 1102 excusanda.
888 1055 984 1089 Mox
1016 1054 1148 1102 Camp.
1178 1054 1320 1089 debent.
1384 1046 1458 1088 sed
1485 1054 1598 1088 Bern-

273 1123 346 1160 pro
367 1126 413 1148 m.
435 1124 478 1146 ac
498 1125 544 1146 m.
567 1111 626 1146 vel
648 1124 676 1145 e.
697 1109 816 1144 modo
845 1123 891 1144 m.
908 1109 966 1144 vel
986 1123 1031 1143 m.
1054 1123 1084 1144 e.

363 1174 426 1210 15.
459 1175 579 1202 tamen
601 1167 638 1200 ίη
658 1173 804 1201 oratore
828 1183 882 1191 -—
904 1165 1133 1199 audientibus
1150 1177 1223 1199 non
1235 1160 1442 1211 fastidium.
1463 1161 1595 1197 Turio.

272 1220 376 1258 Flor.
409 1222 495 1267 (etsi
522 1221 588 1256 hic
618 1219 879 1260 metationibus,
917 1232 987 1255 nee
1022 1230 1186 1267 apparet,
1226 1232 1271 1253 an
1303 1218 1366 1254 det
1398 1229 1494 1255 non:
1536 1216 1598 1251 sed

275 1278 405 1312 omnia
426 1276 582 1324 vulgata
605 1276 721 1311 habet
737 1288 755 1309 a
784 1275 850 1310 sec.
870 1277 942 1316 m.)
966 1283 990 1310 t.
1015 1275 1219 1309 emtionibus
1239 1287 1311 1309 non
1324 1272 1359 1320 f.
1390 1285 1475 1308 cum
1495 1270 1597 1307 Alm.

275 1333 399 1368 Modo
436 1332 664 1381 eloquentiae
695 1329 841 1365 omittit
871 1329 1000 1377 Camp.
1030 1329 1295 1364 Diffidendum
1325 1328 1406 1363 sane
1435 1327 1484 1362 est
1514 1326 1599 1374 sup·-

272 1386 477 1436 plementis
506 1387 569 1427 iis.
596 1399 691 1433 quae
729 1385 960 1421 recentiores
987 1385 1169 1432 praestant
1190 1384 1310 1420 Codd.
1344 1394 1382 1418 et
1406 1382 1507 1418 illud
1534 1382 1600 1420 „in

273 1451 451 1484 „oratore
473 1443 691 1488 praecipue“
717 1441 992 1490 supervacuum
1012 1439 1132 1486 potest
1156 1439 1295 1479 videri,
1326 1438 1468 1486 quippe
1491 1436 1601 1481 cujus

272 1498 334 1533 vis
364 1498 441 1546 ipsa
474 1495 588 1531 lateat
617 1496 659 1529 in
692 1495 917 1542 eloquentiae
946 1494 1150 1529 vocabulo.
1207 1494 1371 1531 Deinde,
1403 1492 1475 1526 nili
1500 1491 1601 1525 forte

273 1551 521 1600 superstitiosa
551 1560 727 1585 veterum
757 1549 853 1584 libb.
889 1549 1101 1583 reverentia
1127 1547 1249 1588 labor,
1281 1547 1392 1594 affert
1419 1559 1496 1581 non
1527 1544 1599 1579 effe

271 1607 385 1650 iilud,
416 1606 523 1654 quod
551 1604 832 1652 requirebatur,
862 1604 1026 1639 verbum
1058 1603 1246 1643 dixerim,
1278 1602 1337 1638 sed
1367 1611 1600 1648 magnopere

272 1662 465 1710 languere.
497 1661 636 1696 Movet
666 1659 903 1707 expectabas,
933 1658 1043 1694 velut
1071 1658 1120 1692 est
1142 1668 1177 1697 2,
1210 1663 1244 1700 4,
1276 1667 1351 1703 29;
1382 1666 1599 1704 quanquam

271 1730 351 1753 non
380 1728 480 1764 nego
507 1713 671 1750 fimilem
703 1714 782 1748 fere
804 1715 910 1748 usum
940 1713 1053 1748 verbi
1075 1727 1137 1753 ιι,
1170 1722 1208 1756 3,
1237 1719 1273 1755 5.
1303 1713 1439 1758 Neque
1461 1720 1598 1748 tamen,

268 1772 299 1808 fi
316 1772 482 1808 maxime
517 1770 611 1805 haec
646 1779 748 1804 recte
770 1781 790 1802 a
813 1781 874 1803 me
909 1768 1131 1806 sentiuntur,
1162 1767 1326 1816 expedio
1349 1776 1385 1801 et
1406 1778 1497 1800 eruo
1519 1764 1600 1799 loci

269 1826 593 1864 constitutionem,
624 1837 719 1872 quae
749 1822 1086 1859 vetustiffimorum
1107 1822 1229 1859 Codd.
1252 1820 1409 1870 vestigia
1439 1820 1598 1860 refu-au

324 1935 504 1986 excusata.
520 1935 644 1983 Magis
661 1948 732 1984 pro
750 1935 909 1970 nomine
963 1933 1021 1979 (h.
1047 1947 1078 1969 e.
1103 1933 1294 1981 pleraque)
1326 1944 1449 1979 neque
1475 1930 1521 1966 ab
1551 1928 1600 1964 li-

268 1995 345 2032 hoc
389 1991 653 2040 accipiendum
695 2003 808 2038 quam
837 2001 908 2038 pro
964 1989 1125 2036 tigatore
1144 1987 1382 2034 proferenda,
1407 1999 1532 2034 neque
1551 1986 1599 2021 ab

267 2049 484 2100 participio.
964 2045 1161 2079 advocato.
1572 2043 1574 2050 ’

329 2111 390 2148 ι5.
423 2104 515 2139 loco.
552 2101 715 2138 Attende
736 2101 812 2136 hoc
832 2101 912 2136 fere
1021 2098 1154 2147 vitiosa
1163 2099 1331 2144 jactatio.
1343 2097 1448 2138 „cim
1460 2096 1600 2132 Divin-

270 2160 351 2195 diei
390 2159 455 2194 hic
494 2170 565 2206 pro
606 2151 773 2206 persona.
833 2155 913 2202 Qui
967 2155 1035 2197 „in
1056 2156 1160 2191 caeo.
1187 2165 1248 2188 11.
1293 2154 1381 2188 Cum
1401 2153 1521 2188 omnis
1541 2165 1599 2186 ar-

271 2215 374 2251 enim
388 2213 459 2263 sua
478 2223 622 2252 tractat,
651 2213 727 2249 alio
755 2212 804 2248 est
825 2211 907 2246 loco
965 2208 1168 2258 „rogantia
1190 2206 1319 2256 odiosa
1341 2204 1400 2255 est,
1433 2217 1508 2243 tum
1531 2207 1600 2241 illa

272 2283 386 2318 quam
408 2270 478 2318 qui
501 2269 634 2304 aliena.
673 2268 812 2316 Agitur
833 2265 909 2301 hoo
963 2267 1129 2313 „ingenii
1196 2271 1304 2311 atque
1371 2262 1600 2311 eloquentiae

268 2335 468 2373 praecepto
517 2324 563 2359 de
619 2335 664 2359 eo
713 2322 819 2371 quod
865 2322 909 2358 in
964 2321 1107 2363 „multo
1129 2316 1381 2368 molestiffima.
1410 2318 1465 2353 Id.
1490 2317 1597 2353 Orat.

270 2381 416 2416 orando
446 2386 580 2415 aut2ut
610 2379 823 2426 litigatores
852 2378 908 2412 di·
964 2383 1057 2419 „42-
1086 2375 1348 2425 Eloquentiam
1375 2373 1433 2408 illi
1449 2371 1518 2420 ipsi
1536 2372 1599 2420 qui

270 2436 405 2476 cimus,
427 2446 491 2471 aut
519 2444 564 2470 ut
583 2433 771 2470 advocati.
799 2431 844 2468 cf.
870 2439 906 2476 4,
964 2430 1169 2478 „consecuti
1192 2430 1301 2479 sunt,
1341 2437 1459 2463 tamem
1489 2441 1533 2462 ea
1554 2425 1598 2474 [ο

275 2505 310 2531 ι,
330 2498 396 2537 45.
411 2492 475 2534 46.
506 2491 543 2532 6,
575 2501 612 2530 2,
643 2489 708 2532 56.
733 2488 826 2523 item
844 2487 909 2522 hic
965 2486 1114 2527 „valere
1137 2484 1358 2535 diffimulant
1380 2493 1448 2518 etc.
1487 2481 1598 2530 plura

270 2549 304 2592 ς.
318 2554 382 2591 38.
395 2555 459 2590 55.
473 2554 535 2595 59.
551 2551 615 2589 84.
637 2546 722 2578 Hoc
742 2544 771 2578 si
790 2543 909 2578 anim·
963 2542 1094 2581 „enim
1115 2542 1199 2576 sunt
1217 2539 1274 2575 ibi
1291 2549 1395 2586 patre
1416 2537 1598 2584 eloquen·
1671 2534 1676 2538 ”

270 2603 483 2639 advertiss'et
541 2600 772 2646 Gedoyuus‚
828 2610 909 2633 non
962 2597 1064 2637 „tiae
1095 2595 1346 2644 digniffima.“
1375 2593 1572 2628 Gernerus.

270 2669 360 2700 erat,
393 2658 499 2707 quod
521 2656 694 2690 haereret
717 2654 758 2688 in
779 2652 908 2688 verbis
1020 2651 1245 2699 eloquentiae
1284 2657 1406 2684 tamen
1423 2666 1476 2675 —
1495 2646 1599 2682 audi·

270 2714 384 2753 hisce.
469 2715 564 2748 Sunt
614 2721 743 2747 autem
786 2706 908 2749 multe
963 2706 1112 2743 antibus.
1151 2706 1196 2741 cf.
1215 2714 1296 2740 not.
1319 2704 1403 2739 crit.
