1676 3028
250 244 349 294 458
452 280 456 287 Ι
566 238 1243 298 M.FAB.QU1NT1MAN1

251 361 431 409 vultus
456 358 681 423 severus,
705 377 813 409 non
832 360 1074 419 moestus,
1096 379 1191 412 nec
1213 360 1434 431 stupens,
1463 383 1559 416 nec

250 435 555 499 languidus:
610 436 817 483 brachia
850 453 877 482 a
917 437 1072 484 latere
1103 440 1306 488 modice
1335 453 1558 492 remota:

250 525 436 560 manus
478 509 703 567 sinistra,
752 512 960 574 qualem
1000 511 1150 576 supra
1185 513 1558 566 demonstravi:

251 586 453 652 dextra,
496 602 615 632 cum
650 584 1150 652 jam‘in'cipiendum
1185 591 1305 647 erit,
1342 593 1559 654 paulum

251 662 447 725 prolata
475 660 607 707 ultra
630 659 802 708 sinum
827 660 970 725 gestu
993 679 1149 726 quam
1173 664 1559 725 modestiffimo‚

176 737 397 783 160velut
418 746 687 800 expectans
714 736 924 798 quando
955 738 1314 803 incipiendum
1342 739 1415 789 sit.
1476 743 1560 790 Vi-

249 809 376 860 tiosa
415 812 555 857 enim
597 809 717 859 sunt
745 812 858 867 illa,
896 813 1092 860 intueri
1119 814 1403 873 lacunaria,
1439 833 1556 882 per-

245 886 428 935 fricare
455 884 655 942 faciem,
679 896 730 934 et
750 884 892 950 quasi
910 888 1201 952 improbam
1224 888 1388 939 facere
1401 899 1428 940 τ’·
1444 902 1557 940 ten-

246 961 368 1010 dere
400 959 715 1009 confidentia
739 963 974 1019 vultum,
1012 974 1125 1022 aut,
1165 982 1272 1029 quo
1299 966 1364 1013 lit
1393 967 1555 1030 magis

244 1047 447 1092 torvus,
466 1035 754 1100 superciliis
767 1035 1068 1101 astringere:
1096 1040 1308 1103 capillos
1331 1058 1359 1087 a
1379 1039 1555 1090 fronte

245 1123 422 1161 contra
452 1122 684 1159 naturam
718 1122 1032 1176 retroagere‚
1068 1124 1130 1162 ut
1163 1112 1227 1162 [it
1255 1115 1446 1164 horror
1465 1115 1558 1163 ille

244 1188 518 1236 terribilis:
561 1197 691 1244 tum,
710 1186 767 1234 id
788 1188 932 1250 quod
946 1191 1127 1236 Graeci
1147 1187 1556 1254 frequentiffime

244 1261 460 1317 faciunt,
500 1262 680 1310 crebro
709 1261 995 1325 digitorum
1020 1264 1385 1328 labiorumque
1407 1275 1558 1314 motu

244 1338 601 1394 commentari,
650 1337 783 1385 clare
820 1354 1071 1397 excreare,
1115 1338 1304 1405 pedem
1335 1340 1558 1389 alterum

334 1501 420 1537 160.
447 1499 638 1549 perfricari
667 1501 799 1537 Ambr.
831 1510 868 1536 2.
902 1502 1027 1538 Guelf.
1054 1503 1144 1538 Exc.
1175 1500 1324 1539 Sa'nten.
1356 1502 1555 1540 cumvoff.

239 1562 281 1595 ἰ.
312 1566 348 1600 5.
375 1556 573 1605 perfricare
604 1556 721 1592 Goth.
753 1553 837 1607 (tac.
869 1557 1009 1602 Germ).
1041 1558 1292 1605 improbiorem
1315 1559 1443 1606 Camp.
1466 1570 1556 1593 cum

240 1613 359 1649 Andr.
410 1622 446 1646 et
483 1624 601 1658 marg.
644 1611 781 1648 Colon.
825 1611 1086 1659 confidenciam
1121 1613 1243 1648 volum
1282 1614 1410 1649 Turio.
1434 1612 1554 1648 'Floxu

240 1668 505 1716 confidentiam
531 1681 564 1702 v.
597 1666 722 1702 Guelf.
754 1668 884 1714 Camp.
915 1668 1051 1715 capillo
1078 1668 1208 1703 Ambr.
1225 1677 1263 1705 2.
1287 1668 1378 1716 atsi
1397 1669 1432 1706 h.
1456 1668 1553 1707 Iens.

241 1724 355 1758 Tarv.
387 1719 677 1771 frequentiffime
719 1722 864 1757 omittit
893 1721 1018 1758 Guelf.
1048 1722 1282 1771 laborumque
1314 1732 1450 1758 motum
1477 1724 1555 1758 Tu·

239 1778 308 1813 ric.
341 1777 440 1812 Flor.
474 1777 582 1824 prius
613 1777 726 1811 etiam
758 1777 888 1824 Camp.
918 1778 1015 1814 Jens.
1058 1778 1155 1821 (tac.
1184 1777 1326 1825 Gesn.)
1365 1779 1478 1812 Tarv.
1509 1779 1555 1812 li-

239 1833 453 1880 brorumque
492 1845 537 1866 m
577 1831 703 1866 Guelf.
740 1832 833 1865 Exc.
874 1834 1022 1867 Samen.
1063 1832 1318 1882 labrorumque
1356 1846 1401 1868 m.
1435 1832 1562 1868 Goth*

239 1889 327 1934 (tac.
351 1888 479 1930 Gesn)
514 1900 601 1921 cum
634 1885 733 1923 Vall.
761 1887 863 1923 Voss'.
899 1898 935 1923 2.
964 1887 1050 1922 Ald.
1078 1888 1195 1923 ridere
1221 1899 1294 1936 pro
1323 1889 1417 1923 clare
1438 1901 1555 1936 prava

239 1944 457 1988 coniectura
486 1942 580 1977 Ob).
613 1955 778 1976 excreare
814 1943 998 1977 omittunt
1027 1943 1159 1978 Ambr.
1190 1952 1227 1978 2.
1269 1942 1394 1980 Guelf.
1431 1956 1556 1991 pacem

239 2008 434 2047 ——tegure
462 1997 592 2034 Tu1ic.
621 1996 723 2033 Flor.
754 1997 941 2045 posterius
971 2010 1058 2033 cum
1085 1997 1187 2033 Alm.

238 2130 329 2169 gato
351 2132 444 2154 mox
463 2119 677 2168 suspicatur.
735 2119 781 2153 In
811 2119 871 2154 ‹le—
926 2132 1005 2155 non
1027 2122 1225 2160 lacunaria,
1256 2119 1332 2154 dici
1359 2119 1558 2166 jubentem

238 2176 416 2210 mittendo
451 2173 589 2222 aliquis
620 2185 741 2209 tamen
766 2185 869 2210 actus
925 2189 963 2223 p.
983 2174 1130 2211 Putsch.
1155 2174 1273 2217 2246.
1332 2177 1378 2210 In
1410 2188 1452 2210 re
1479 2175 1557 2223 ipsa

238 2231 289 2266 est
319 2229 502 2269 oratoris;
543 2229 612 2278 qui
639 2243 727 2265 cum
751 2231 870 2264 remit·
926 2231 972 2268 cf.
992 2230 1108 2279 praef.
1127 2229 1239 2266 nostr.
1253 2230 1556 2278 p.LXXXV111.

235 2287 282 2320 tit
311 2284 517 2325 humeros,
556 2285 683 2320 omnia
712 2294 868 2319 naturae

232 2340 432 2388 telinquit.
508 2339 755 2375 Contrarium
796 2339 866 2380 est,
980 2341 1100 2377 crebro
1115 2360 1167 2368 —
1186 2348 1287 2375 motu
1310 2339 1552 2375 commentari.

236 2408 324 2430 cum
364 2396 414 2430 ad
450 2397 658 2443 occipitium
693 2395 871 2429 ducuntur
923 2397 1086 2445 Elegans
1143 2393 1437 2445 χαρακτηρισμδς
1491 2392 1555 2428 de·

235 2450 374 2485 humeri
393 2450 424 2494 §.
453 2450 540 2486 160.
925 2452 1132 2488 monstrans
1167 2463 1279 2490 eum,
1307 2449 1374 2497 qui
1400 2448 1555 2494 jamjam

294 2506 437 2554 qualem
464 2523 520 2531 -
547 2501 801 2553 demonstravi.
835 2507 1100 2553 §.dicturus
1120 2506 1218 2545 astet.
1246 2502 1479 2540 inveniendo
1491 2502 1554 2537 ad-

240 2565 330 2606 242·
924 2562 1004 2598 huc
1033 2562 1223 2597 intentum
1250 2569 1288 2594 et
1322 2557 1555 2606 inspicienti-

298 2615 386 2650 160.
400 2615 597 2651 lacunaria.
610 2615 870 2651 Commodum
925 2618 997 2653 bus
1030 2616 1219 2651 audituris
1253 2613 1464 2661 digitorum
1499 2611 1552 2646 Ia·-

235 2670 458 2706 Pafferatius
502 2672 668 2719 Caprum
712 2671 867 2706 demon·
927 2673 1158 2718 bini-umque
1187 2677 1306 2704 motu·
1324 2680 1418 2715 quae
1452 2667 1552 2703 intra

236 2725 322 2761 strat
341 2725 643 2762 Grammatieum
669 2727 869 2775 laquearia.
923 2727 958 2763 se
978 2726 1120 2775 cogitat
1140 2723 1449 2762 manifestantem.
