1676 3028
185 305 204 335 ι
218 290 277 333 16
489 291 562 337 Μ.
599 295 731 338 FAss.
768 295 1176 355 QmNTthM

185 412 252 462 Γιο
284 430 367 471 ea,
417 431 548 478 quae
584 416 716 464 bene
747 418 959 465 inventa
993 416 1138 475 sunt,
1184 421 1313 468 utile
1341 420 1499 485 sequi.

140 505 163 530 2
185 490 355 553 Atque
386 492 555 538 omnis
586 492 721 538 vitae
751 494 882 540 ratio
922 491 987 540 fic
1012 492 1218 551 constat,
1259 507 1331 552 ut,
1367 513 1503 559 quae

184 565 466 629 probamus
502 567 559 613 in
597 567 734 624 aliis,
774 565 940 614 facere
978 567 1071 630 ipfi
1109 569 1343 618 velimus.
1420 572 1503 619 Sic

184 639 471 687 litterarum
497 640 701 697 ductus,
725 653 783 690 ut
801 642 1057 689 scribendi
1080 641 1166 690 fiat
1187 642 1325 705 usus,
1348 647 1502 710 pueri

184 713 502 778 sequuntur:
580 713 646 763 fic
702 716 885 764 mufici
941 734 1126 764 vocem
1183 718 1501 778 docentium,

183 791 406 854 pictores
430 807 583 854 opera
619 793 875 855 priorum,
916 791 1092 839 rustici
1123 794 1388 857 probatam
1418 811 1502 842 ex-

182 866 475 929 perimento
509 866 762 913 culturam
794 868 850 914 in
882 868 1178 931 exemplum
1211 870 1498 918 intuentur.

184 941 366 987 Omnis
402 940 629 1004 denique
662 940 963 1006 disciplinae
998 944 1144 990 initia
1182 943 1246 991 ad
1267 945 1500 1009 propost-

135 1029 159 1064 5
183 1025 296 1062 tum
328 1012 420 1063 fibi
455 1014 826 1081 praescriptum
861 1015 1075 1065 formari
1109 1019 1363 1068 videmus.
1434 1022 1500 1068 Et

180 1090 394 1138 hercule
424 1088 617 1138 neceffe
651 1091 745 1148 est,
785 1102 874 1139 aut
906 1091 1093 1141 similes
1125 1103 1214 1141 aut
1242 1093 1497 1144 diffimiles

179 1165 333 1213 bonis
372 1164 541 1214 fimus.
633 1167 866 1215 Similem
905 1184 1020 1215 raro
1059 1179 1240 1216 natura
1265 1168 1496 1234 praestat,

179 1239 483 1304 frequenter
512 1241 750 1291 imitatio.
827 1241 927 1289 Sed
960 1243 1061 1290 hoc
1094 1242 1289 1306 ipsum,
1349 1244 1496 1308 quod

180 1325 323 1364 tanto
383 1314 672 1365 faciliorem
729 1317 882 1365 nobis
944 1319 1197 1366 rationem
1254 1321 1494 1367 omnium

179 1389 327 1447 facit,
361 1407 518 1454 quam
555 1390 657 1440 fuit
688 1393 778 1448 iis,
824 1393 919 1454 qui
951 1393 1112 1448 nihil,
1145 1393 1290 1457 quod
1316 1393 1495 1459 seque-

178 1475 376 1523 rentur,
409 1467 723 1523 habuerunt,
761 1465 855 1513 nisi
892 1478 1036 1515 caute
1068 1479 1119 1515 et
1149 1485 1268 1516 cum
1293 1469 1492 1529 judidio

132 1541 612 1605 4apprehenditul,
668 1552 848 1589 nocet:
933 1545 1065 1588 Ante
1108 1545 1282 1590 omnia
1328 1545 1493 1608 igitur

175 1617 396 1664 imitatio
419 1633 512 1680 per
531 1616 580 1664 se
603 1615 710 1681 ipsa
728 1633 833 1665 non
857 1615 1062 1674 sufficit,
1102 1618 1187 1667 vel
1211 1619 1331 1683 quia
1354 1620 1490 1684 pigri
1500 1638 1579 1677 925

145 1731 162 1737 ⁸
180 1748 213 1768 τι.
226 1743 266 1776 3.
286 1736 413 1774 Bern„
433 1736 500 1770 nifi
521 1735 625 1783 quod
643 1735 688 1769 hi
707 1745 779 1770 tres
798 1737 1008 1784 praecipua.
1235 1738 1335 1773 utile.
1356 1738 1486 1788 Camp-

171 1790 322 1825 utiliter.
656 1833 658 1835 ι

260 1855 294 1879 2.
327 1855 377 1886 ut,
401 1859 501 1894 quae.
530 1846 632 1882 Flor.
663 1849 796 1895 utique.
1027 1845 1103 1896 ipsi.
1123 1848 1250 1883 Turio.
1277 1848 1377 1884 Flor.
1402 1848 1486 1894 (hic

170 1913 193 1933 a
214 1912 269 1946 pr.
293 1902 365 1945 m.)
413 1901 499 1949 ipse.
717 1902 854 1942 ductus,
885 1910 935 1936 ut.
966 1901 1068 1938 Flor.
1107 1903 1253 1942 doctus,
1288 1917 1307 1936 a
1333 1905 1399 1939 sec,
1429 1917 1480 1940 m.

169 1969 193 1987 u
222 1968 294 2002 pro
324 1970 367 1997 o,
417 1956 477 1990 [ed
507 1969 585 1991 non
619 1956 789 1990 additum
822 1965 871 1991 ut.
1113 1970 1236 1993 vocem
1266 1959 1482 1994 docentium.

168 2008 297 2046 Turio.
329 2011 431 2047 Flor.
476 2011 696 2050 ducentium,
739 2011 872 2046 omiffo
892 2025 990 2050 voc„
1030 2012 1093 2046 hic
1126 2026 1145 2046 a
1177 2014 1245 2047 [ec.
1271 2007 1322 2047 m'.
1347 2026 1369 2047 0
1403 2024 1480 2049 tan·

167 2073 248 2098 tum
266 2079 337 2113 pro
359 2081 392 2102 ιι.
509 2068 700 2100 intuentur.
730 2067 826 2103 Jens.
861 2076 1003 2101 tuentur
1022 2080 1107 2101 cum
1130 2067 1212 2102 edd.
1237 2079 1321 2103 ante
1341 2067 1448 2103 Bafil.

253 2122 371 2156 initia.
416 2122 545 2156 Turio.
569 2120 670 2155 Flor.
701 2120 782 2164 (hic
804 2135 823 2155 a
843 2134 899 2169 pr.
924 2121 996 2168 m.)
1026 2122 1211 2157 omittunt
1241 2136 1327 2158 cum
1350 2122 1449 2160 Alm.

254 2184 290 2217 5.
320 2176 470 2211 hercule.
529 2176 590 2211 Sic
620 2176 750 2210 Turic.
789 2175 891 2211 Flor.
927 2176 1051 2212 Guelf.
1091 2177 1204 2212 Goth.
1236 2179 1323 2222 (tac.
1350 2178 1476 2223 Gesn.)

166 2229 296 2277 Camp.
328 2231 484 2278 Reliqui
505 2232 629 2265 hercle.
657 2230 703 2265 cf.
725 2243 783 2269 10,
819 2244 852 2269 ι,
883 2232 946 2275 86.
1157 2231 1370 2282 frequenter
1396 2235 1475 2268 imi-

165 2286 271 2319 tatio.
299 2285 367 2320 Fxh
357 2299 401 2320 11.
433 2285 585 2334 frequen
576 2295 662 2320 tem
684 2287 847 2326 imitatis,
878 2299 897 2320 a
919 2287 984 2321 sec.
1003 2300 1119 2321 manu
1138 2300 1159 2322 ο
1177 2301 1248 2335 pro
1264 2302 1290 2322 s.

243 2342 418 2374 racionem
439 2354 535 2375 omm
541 2355 608 2375 um.
650 2340 711 2375 Sic
736 2341 866 2375 Tmic
889 2340 988 2377 Flor.
1021 2342 1103 2386 (hic
1122 2355 1140 2375 a
1157 2355 1214 2389 pr.
1237 2344 1307 2389 m.)
1338 2345 1468 2392 Camp.

159 2405 245 2428 cum
265 2394 365 2430 Alm.
386 2394 543 2443 Reliqui
565 2396 662 2430 inser
666 2405 734 2429 unt
753 2409 878 2431 rerum.
1059 2399 1114 2432 iis.
1143 2395 1243 2433 Flor.
1266 2398 1302 2442 (a
1317 2411 1374 2446 pr.
1396 2401 1468 2444 m.)

157 2450 314 2484 omittit.
371 2453 430 2483 An
453 2460 531 2485 erat
552 2464 585 2498 q.
611 2451 662 2487 his
678 2449 758 2496 fuit·
778 2453 871 2499 qui?
914 2452 962 2486 cf.
988 2465 1049 2492 ιο,
1084 2466 1119 2492 ι.
1153 2460 1241 2495 150.

236 2504 526 2551 apprehenditur.
559 2506 687 2553 Camp.
718 2505 1023 2553 apprehendatur.

211 2565 246 2602 4.
268 2555 423 2607 Jicfficic.
451 2559 552 2596 Flor.
583 2560 621 2605 (a
641 2572 699 2608 pr.
722 2561 795 2604 m.)
817 2558 975 2608 suffecit.

203 2656 240 2682 2.
261 2644 439 2694 rufiici—
454 2648 642 2682 intuentur.
654 2648 779 2686 „Vide
894 2655 929 2692 4.
957 2650 1053 2685 Ante
1073 2653 1206 2686 omnia.
1231 2650 1277 2686 cf.
1299 2658 1332 2694 5,
1351 2660 1412 2694 13,
1425 2651 1460 2688 6.

142 2700 375 2741 „columem
401 2714 461 2742 11,
490 2706 553 2736 1.“
609 2701 778 2738 Almelo-
889 2705 958 2741 vel.
985 2707 1127 2746 „etiam
1148 2713 1386 2755 propterea.“

141 2769 290 2792 venius.
