1676 3028
310 233 475 281 INST.
513 230 792 280 ORATOR.
829 229 950 274 Lm.
985 228 1099 285 ΧΠ,
1138 239 1181 272 ι.
1318 226 1438 287 495

81 359 268 411 surum
307 368 489 425 putem
524 354 677 407 fuiffe
725 357 883 424 (nam
910 354 1022 404 fere
1051 353 1123 403 sic
1166 352 1311 403 docti
1338 358 1422 414 ju·-

83 436 425 493 dicaverunt‚
459 435 739 500 plurimum
767 437 818 482 in
852 451 910 483 eo
939 436 1208 490 virtutum,
1247 433 1424 480 nonni-

8 508 19 540 ;
49 560 51 562 .
82 508 341 587 Izilsusse
361 514 635 562 vitiorum.-
674 521 725 559 et
753 510 862 576 ipse
895 508 948 560 se
972 510 1143 559 multa
1174 526 1238 557 ex
1269 512 1423 570 juve-

83 592 186 642 nili
226 589 548 640 abundantia
587 585 866 638 co’e2rcuiffe
906 586 1180 652 testatur):
1245 597 1423 634 tamen

85 667 304 735 quando
331 683 430 716 nec
453 665 700 732 sapientis
720 664 821 714 fibi
839 682 1054 722 nomen,
1091 665 1318 713 minime
1338 659 1423 712 sui

86 754 410 802 contemtor,
449 741 681 802 afferuit3
729 752 781 790 et
816 742 1009 792 melius
1043 741 1246 798 dicere,
1284 749 1424 788 certe

86 820 204 872 data
224 821 470 888 longiore
493 822 629 879 vita,
667 830 719 869 et
739 829 976 888 tempore
1002 818 1068 868 ad
1103 834 1427 885 componen-

85 999 178 1037 illos
199 999 435 1041 habuiss'em3
462 999 545 1037 vid.
565 999 611 1037 ad
632 1011 671 1049 9,
693 1004 733 1048 4,
758 1005 850 1046 ¹¹8·
893 998 1025 1037 Nemo
1052 998 1267 1049 quidquam
1287 996 1428 1047 abfiin-

85 1058 151 1093 dec
168 1058 408 1106 supervacui.
435 1058 496 1093 sed
523 1067 590 1093 aut
620 1057 758 1093 recidet
789 1067 856 1093 aut
884 1056 1056 1093 abscidet.
1337 1066 1427 1091 nam

87 1111 252 1164 et'f'uss'e
268 1112 326 1162 fic
346 1114 437 1149 dicti
453 1114 586 1150 Turic.
606 1112 711 1150 Flor.
957 1112 973 1127 ⁶
991 1110 1138 1164 ipsese.
1201 1111 1263 1147 Sic
1290 1111 1426 1147 Turic-

83 1169 191 1207 Flor.
217 1171 632 1219 Campftransponunt
649 1169 809 1219 requui.
1088 1182 1133 1204 ex
1158 1169 1329 1214 juvenili.
1363 1167 1429 1203 Sic
1499 1172 1502 1173 ⁷

88 1227 222 1263 Turio.
239 1225 344 1262 Flor.
365 1239 455 1263 cum
478 1226 581 1262 Alm.
611 1227 678 1263 illa
706 1227 879 1263 inserunt
905 1224 1063 1273 reliqui.
1089 1227 1259 1271 juvenali
1289 1224 1426 1260 Ambr-

91 1294 131 1320 2.
162 1293 286 1318 tamen
306 1285 394 1332 quia
414 1281 542 1319 Guelf.
567 1284 715 1330 quando
737 1283 853 1318 donec
865 1279 1178 1331 sapientffmum
1187 1281 1265 1332 fibi
1289 1280 1426 1317 Turic-

89 1337 196 1375 Ποῖ.
223 1338 284 1372 Ex
302 1337 405 1373 Alm.
420 1337 731 1387 sapionttſj'imum
750 1338 872 1374 solum
901 1338 1072 1374 affertur.
1330 1345 1432 1374 certa

91 1395 186 1431 data
204 1392 333 1430 Guelf.
518 1402 521 1409 ¹
615 1396 789 1444 longiora
816 1402 857 1430 uc
880 1403 917 1430 et
938 1403 1108 1442 tempora
1133 1393 1185 1430 ad
1211 1407 1431 1443 componen-

92 1451 182 1487 dam
199 1449 388 1499 securiora
417 1451 550 1486 Turio.
585 1451 690 1486 Flor.
730 1465 817 1487 cum
846 1450 950 1487 Alm.
989 1451 1242 1500 (quanquam
1278 1464 1325 1486 ex
1354 1450 1433 1486 hoc

93 1516 278 1556 tempore,
308 1507 620 1554 componendum,
641 1506 828 1556 securiore
853 1508 1096 1549 afferuntur).
1146 1507 1233 1543 Nos
1262 1520 1346 1542 eam
1372 1519 1432 1541 re·

89 1563 371 1613 praesentamus
398 1562 638 1610 scripturam,
674 1575 788 1611 quam
819 1564 1065 1599 Burmannus
1091 1563 1216 1604 suasit,
1244 1573 1282 1599 et
1307 1577 1330 1599 a
1355 1575 1434 1610 qua

90 1618 186 1655 libri
205 1619 325 1655 ceteri
341 1619 384 1654 in
402 1631 448 1654 eo
471 1629 620 1655 tantum
645 1620 854 1659 recedunt,
886 1619 994 1667 quod
1023 1631 1097 1668 pro
1129 1630 1166 1656 ee
1194 1629 1362 1667 tempore
1381 1619 1433 1655 ad

90 1676 182 1712 dant
201 1684 238 1711 et
261 1685 296 1711 te
317 1676 367 1711 ad
386 1674 519 1710 Ambr.
543 1686 579 1711 2.
613 1676 742 1712 Guelf.
768 1684 804 1710 et
815 1674 860 1724 se
878 1676 927 1710 ad
949 1675 1068 1713 Goth.
1090 1689 1181 1713 cum
1202 1677 1304 1714 Voff.
1329 1686 1365 1711 2.
1395 1685 1433 1711 et:

88 1733 139 1768 ad
164 1731 208 1782 se
241 1733 372 1780 Camp.
412 1739 536 1766 aetate
567 1733 616 1766 ad
648 1734 746 1770 Jens.
780 1745 868 1767 cum
899 1731 984 1767 edd.
1010 1742 1095 1769 anto
1118 1731 1206 1768 Ald.
1239 1734 1310 1782 qui
1326 1732 1434 1768 nihil

91 1799 218 1824 mutat
235 1787 308 1822 ῃίΓι
331 1787 439 1836 quod
462 1799 509 1821 ex
530 1788 648 1835 Regii
669 1789 770 1833 conj.
802 1788 866 1822 dat
877 1786 1088 1836 semer-iore,-
1131 1788 1227 1824 hinc
1247 1789 1359 1827 Baril.
1395 1798 1434 1826 et

93 1853 216 1882 aetate
244 1844 294 1879 ad
316 1843 360 1892 se
386 1858 414 1877 c.
438 1842 518 1890 sev.
553 1843 657 1879 Gibs.
680 1843 777 1879 Obr.
807 1852 844 1878 et
867 1852 991 1879 aetate
1014 1845 1064 1879 acl
1084 1843 1206 1892 asev-
1225 1843 1376 1894 reliqui'
1394 1854 1435 1882 et

92 1909 216 1938 aetate
245 1900 295 1934 ml
321 1914 350 1934 c.
372 1899 568 1948 securiore.
631 1900 747 1948 Quod
777 1911 905 1935 autem
934 1902 1181 1937 Burmannus
1203 1902 1433 1951 scripturam

22 1975 24 1978 v
93 1957 198 1996 Vols.
218 1967 254 1992 2·
282 1968 319 1992 et
338 1955 456 1992 Goth.
480 1955 524 2005 se
543 1957 586 1991 in
598 1955 725 2006 seculo
749 1957 901 1992 fortasse
922 1958 1145 1993 mutandam
1167 1959 1240 1993 esse
1261 1959 1434 2007 putabat.

92 2013 280 2050 fefellerat
300 2026 390 2049 eum
414 2013 514 2048 ratio
535 2013 766 2049 mutationis
787 2013 962 2050 consulto
983 2014 1101 2050 factae
1123 2015 1167 2050 ab
1188 2014 1336 2063 aliquo,
1363 2016 1434 2064 qui

93 2082 311 2118 componere
332 2069 411 2104 dici
429 2081 503 2117 pro
527 2069 775 2106 elucubrando
795 2083 876 2106 non
895 2070 1054 2107 ferebat.
1098 2072 1175 2107 Hic
1194 2082 1321 2107 tamen
1345 2072 1435 2109 usus

94 2125 181 2162 aliis
203 2137 361 2174 quoque
382 2124 480 2160 locis
501 2126 549 2161 fit
571 2126 813 2167 manifestus,
842 2125 953 2162 velut
980 2137 1040 2167 12,
1076 2142 1136 2169 10,
1173 2135 1235 2172 5ο.
1266 2129 1339 2165 ubi
1368 2129 1434 2164 iti.-

99 2182 187 2218 dem
224 2194 306 2217 non
342 2181 498 2217 additur
525 2183 568 2217 id
598 2183 703 2231 quod
737 2185 977 2229 componitur,
1008 2196 1051 2221 ut
1079 2186 1127 2221 fit
1155 2185 1251 2222 alibi
1276 2196 1313 2220 et
1332 2185 1430 2222 ibid.

96 2241 135 2286 ᾗ.
168 2244 232 2286 49.
269 2252 293 2274 a
317 2239 914 2286 componendis—orationibus,
965 2255 1061 2290 quae
1089 2253 1344 2290 opponuntur
1377 2241 1434 2276 di-

98 2294 226 2330 cendo.
286 2295 380 2330 Non
399 2294 524 2343 igitur
545 2295 593 2331 est
612 2295 759 2345 ubique
781 2309 1036 2342 numerorum
1058 2311 1150 2334 cura
1167 2297 1436 2346 intelligenda,

100 2363 189 2387 cum
209 2350 428 2400 compositio
449 2352 665 2401 usurpatur.
723 2354 896 2389 Aetatem
923 2353 989 2389 hic
1017 2354 1176 2402 quidem
1207 2367 1346 2390 aevum
1370 2355 1437 2391 Ci-

97 2407 348 2443 ceronianam
368 2419 612 2457 acc-eperunt,
643 2409 706 2444 sed
735 2409 812 2445 hoc
839 2411 883 2445 in
910 2410 980 2444 illa
1000 2413 1104 2446 vitae
1120 2411 1268 2447 vicinia
1287 2424 1367 2447 non
1387 2410 1438 2447 li·

2 2468 9 2477 '‘
98 2462 220 2505 cebat,
243 2463 313 2500 ubi
327 2464 597 2514 unusquisque
617 2476 697 2501 erat
717 2466 763 2501 ad
781 2466 901 2516 ipfius
920 2476 1081 2503 aetatem
1097 2468 1125 2504 i.
1150 2480 1270 2505 annos
1293 2467 1434 2504 relatu-

154 2607 232 2659 ipse
249 2629 306 2638 —
326 2607 487 2658 testatur.
517 2611 566 2647 cf.
605 2621 670 2654 12,
696 2612 735 2653 6.
791 2614 938 2656 (zuerin
968 2615 1041 2651 ubi
1059 2615 1151 2652 vide
1172 2614 1320 2653 Wezel.

93 2671 139 2720 fi.
185 2666 371 2703 Gesnerus
400 2669 514 2716 ponit
548 2667 681 2704 locum
713 2684 733 2706 e
847 2671 1434 2723 longiore-securiore.cf.n0t.

98 2721 221 2758 Bruto
241 2735 273 2758 c.
295 2735 359 2771 9¹·
394 2725 440 2760 de
462 2724 638 2766 Melone,
668 2727 739 2776 qui
796 2728 880 2767 crit.

101 2776 327 2822 Ciceronem
339 2780 619 2828 redundantem
630 2790 738 2822 coe‘r-
