1676 3028
341 173 505 220 INST.
544 170 823 218 ORATOR.
860 169 982 215 LIB.
1015 168 1104 225 x1,
1144 181 1191 224 3.
1343 179 1440 226 375

57 348 59 350 .
103 316 315 366 cunque
346 317 412 349 ex
440 299 525 348 his
556 298 754 356 vitium
785 296 950 362 magis
980 295 1220 353 tulerim,
1259 312 1440 360 quam,

101 393 211 444 quo
249 394 396 427 nunc
428 376 656 427 maxime
684 374 951 423 laboratur
978 374 1039 422 in
1069 371 1232 421 causis
1263 374 1439 421 omni-

99 454 200 504 bus
226 453 552 519 scholisque,
592 449 860 501 cantandi:
899 449 1047 516 quod
1073 450 1320 498 inutilius
1352 446 1433 507 fit,

99 548 167 580 an
189 529 423 590 foedius,
458 528 648 580 nescio.
689 526 834 598 Quid
856 528 1000 576 enim
1026 527 1205 576 minus
1232 526 1434 576 oratori

100 609 375 667 convenit,
425 623 586 672 quam
625 604 922 655 modulatio
956 603 1180 662 scenica,
1216 613 1268 651 et
1297 620 1434 652 non-

98 701 378 750 nunquam
393 683 666 733 ebriorum
685 691 774 731 aut
794 678 1180 730 comiffantium
1193 680 1434 729 licentiae

98 759 323 810 similis?
345 759 492 830 Quid
505 776 634 809 vero
648 758 930 808 movendis
942 754 1214 807 affectibus
1231 767 1434 806 contra·
1457 768 1509 810 58

99 839 245 887 rium
255 839 436 902 magis,
448 853 623 902 quam,
636 852 758 884 cum
773 835 1083 893 dolendum,
1092 832 1438 892 irascendum,

99 913 520 980 indignandum,
563 910 1041 962 commiserandum
1079 910 1184 969 fit‚·
1209 929 1322 960 non
1356 909 1439 960 so-

98 991 215 1040 lum
235 990 298 1038 ab
318 989 402 1038 his
421 986 717 1045 affectibus,
754 989 814 1036 in
837 1006 974 1053 quos
995 987 1332 1042 inducendus
1359 985 1433 1035 est

98 1065 595 1129 judex,-recedere‚
643 1062 734 1112 sed
768 1063 934 1129 ipsam
972 1062 1080 1114 fori
1111 1064 1436 1113 sanctitatem

98 1142 358 1195 ludorum
389 1143 635 1194 talariam
666 1141 879 1196 licentia
901 1139 1142 1195 solvere?
1183 1142 1325 1192 Nam
1344 1141 1434 1194 Ci-

101 1345 170 1386 hz‘s,
200 1344 318 1383 Goth.
338 1345 427 1391 (tac.
454 1345 583 1392 Gesn.)
605 1348 662 1382 1’1‘5.
691 1345 793 1383 Tum
814 1345 948 1383 Ambr.
963 1354 999 1381 2.
1022 1346 1200 1381 liberatur
1222 1356 1310 1380 curn
1322 1344 1439 1379 Rern.

100 1401 176 1437 Sed
186 1397 288 1438 Florss
302 1401 451 1438 candica
467 1415 540 1451 pro
563 1404 742 1439 cantandi
761 1416 850 1439 cum
868 1402 971 1438 Alm.
993 1403 1064 1438 ubi
1074 1403 1208 1437 Burm.
1231 1400 1438 1448 suspicatur

101 1460 257 1509 cantica,
286 1457 354 1494 vel
373 1460 562 1498 canti-cum,
578 1458 789 1507 ineleganti
808 1459 1005 1495 structura.
1037 1457 1163 1495 Guelf.
1186 1457 1338 1492 inutilis.
1360 1456 1441 1491 Tu-

99 1513 171 1549 ric.
190 1513 296 1550 Flor.
312 1522 410 1550 ante*
411 1513 552 1562 fedius.
583 1515 739 1558 (Nemo
762 1525 925 1564 reponat
946 1515 1082 1557 anne.)
1113 1513 1247 1562 Camp.
1270 1514 1362 1547 inut-
1389 1523 1441 1546 an

93 1567 177 1617 fed.
198 1569 265 1619 fit.
513 1568 790 1619 comiffautium.
822 1570 954 1606 Tur-ic.
986 1568 1287 1618 comnzffantium.
1321 1569 1441 1603 Bern-

99 1625 368 1676 comisantium.
395 1625 524 1663 Guelf.
554 1624 829 1676 comeffantium
857 1638 947 1662 eum
978 1625 1095 1662 Goth.
1127 1622 1179 1674 (fi
1196 1624 1337 1667 modo)
1358 1625 1441 1659 Lo-

100 1692 174 1718 cat.
205 1693 245 1718 et
275 1683 362 1719 edd.
393 1684 553 1733 posterr.
580 1693 667 1718 ante
694 1684 828 1719 Burm.
850 1695 931 1718 exo.
953 1681 1041 1719 ΔΜ.
1061 1682 1156 1718 Bad.
1179 1682 1276 1719 Obr.
1299 1680 1441 1716 eodem

99 1738 286 1774 redeunte
306 1741 465 1789 Capper.
496 1751 515 1774 e
538 1751 622 1788 quc>
639 1738 754 1774 liceat
777 1751 970 1788 quaerere,
993 1739 1063 1787 qui
1082 1739 1155 1774 [int
1181 1751 1279 1787 quos
1301 1733 1439 1784 comas·

94 1791 259 1843 santium
279 1796 441 1831 scribere
461 1805 589 1830 narrat
611 1802 784 1842 tanquam
805 1807 829 1828 a
849 1792 1042 1838 κωμάζειν.
1073 1795 1120 1829 cf.
1145 1805 1182 1839 7,
1206 1807 1268 1834 ιο,
1285 1805 1322 1841 9.
1343 1806 1438 1827 com-

102 1849 344 1898 mensantium
373 1853 505 1899 Camp.
537 1849 796 1898 comesantium
817 1849 920 1887 Voss'.
945 1858 982 1885 2.
1009 1850 1102 1885 Bad.
1137 1850 1206 1898 qui
1236 1863 1257 1884 a
1287 1848 1440 1884 comedo

102 1916 279 1954 repetens
301 1906 498 1956 duplicem
520 1907 565 1941 M
585 1906 812 1954 proscribit,
842 1918 913 1940 nec
935 1907 959 1941 S
986 1906 1218 1953 geminatam
1241 1905 1327 1940 fert.
1347 1917 1442 1945 com-

100 1960 320 2011 mesantium
339 1963 438 2002 Jens.
457 1961 550 2007 (err.
575 1961 705 2006 Gesn.)
727 1974 819 1996 cum
837 1960 937 2000 Vall.
963 1962 1077 1997 Tarv.
1099 1961 1187 1998 Ald.
1208 1957 1442 2008 comnzeffan-

104 2019 196 2053 tium
224 2018 320 2055 Obr.
349 2019 398 2056 cf.
415 2017 614 2054 Drakenb.
645 2018 690 2052 ad
712 2017 802 2052 Liv.
823 2022 859 2061 4,
884 2026 922 2059 7,
946 2024 982 2060 5.
1031 2018 1191 2054 Nostrae
1210 2016 1356 2052 rationi
1377 2014 1442 2050 ad-

105 2073 234 2109 dicere
260 2075 446 2111 videntur
474 2072 578 2109 Flor.
610 2072 746 2109 Ambr.
766 2082 802 2109 2.
834 2083 880 2108 ut
900 2083 938 2108 et
959 2080 997 2116 3,
1019 2072 1057 2114 6,
1082 2074 1146 2110 26.
1166 2073 1300 2109 Ambr.
1317 2085 1349 2107 1.
1371 2070 1443 2106 ubi

102 2129 211 2166 Flor.
240 2129 444 2180 comesatur
473 2132 518 2174 (a
546 2131 613 2165 [ec.
644 2142 697 2164 m.
729 2127 970 2178 comesator),
1000 2131 1134 2166 Ambr.
1162 2140 1199 2166 2.
1234 2126 1446 2177 comisator.

106 2187 240 2236 Camp.
267 2185 492 2236 comeffator.
534 2187 608 2221 Pro
629 2185 829 2220 dolendum
849 2197 946 2220 mox
964 2186 1097 2222 Turio.
1121 2185 1225 2222 Flor.
1249 2185 1383 2220 Ambr.
1401 2193 1439 2219 2.

107 2242 235 2278 Guelf.
257 2245 390 2292 Camp.
413 2245 436 2282 J
440 2243 511 2279 ens.
537 2244 628 2288 (tac.
651 2242 783 2290 Gefn.)
803 2242 920 2278 Tarv.
949 2242 1153 2279 docendum
1173 2255 1262 2278 cum
1273 2241 1380 2282 Voss'.
1405 2252 1442 2276 ι.

105 2306 144 2342 5.
169 2299 219 2335 cf.
238 2312 333 2335 mox
352 2302 385 2346 §.
411 2300 478 2336 61.

195 2396 263 2435 58.
294 2390 349 2426 his
372 2389 576 2439 affectibus.
609 2389 672 2425 Sic
691 2388 823 2425 Turic.
844 2387 978 2425 Ambr.
996 2397 1032 2424 2.
1058 2388 1189 2426 Guelf.
1208 2389 1340 2438 Camp.
1373 2389 1447 2423 Re-

104 2446 208 2495 liqui
227 2447 271 2481 iis
302 2462 337 2482 a.
370 2447 468 2486 Jens.
494 2447 593 2493 (tac.
618 2446 754 2489 Gesn.)
785 2446 900 2481 Tarv.
932 2444 1134 2493 effectibus.
1170 2446 1217 2481 cf.
1244 2452 1283 2490 8,
1314 2445 1350 2486 6,
1377 2444 1443 2487 65.

107 2503 209 2545 Mox
238 2503 450 2539 indicendus
478 2502 611 2541 Ambr.
636 2513 677 2538 2.
704 2514 793 2538 cum
819 2503 934 2538 Bern.
953 2500 1056 2550 foris
1077 2501 1204 2538 Guelf.
1229 2514 1319 2538 cum
1336 2500 1444 2542 Voss‘.

169 2667 232 2705 57.
267 2662 446 2697 inutilius.
469 2660 516 2698 cf.
535 2675 549 2696 1
565 2675 600 2703 1,
623 2669 658 2702 2,
684 2667 748 2713 48.
868 2666 932 2706 58.
955 2644 1126 2696 zadoram
1139 2660 1324 2696 talariam.
1351 2658 1447 2695 Non

110 2717 173 2754 De
193 2727 302 2754 cantu
320 2718 399 2755 hoc
417 2718 464 2755 cf.
486 2718 518 2763 §.
536 2726 601 2762 23.
809 2717 860 2754 est
878 2730 1014 2758 unum,
1044 2717 1086 2753 in
1106 2730 1185 2767 quo
1202 2717 1449 2767 haereamus,
