1676 3028
234 226 327 273 134
546 219 620 263 M.
657 220 790 264 FAss.
829 219 1236 279 QUlNTILlANt

236 341 378 389 cium
416 341 592 398 Calvi,
656 343 966 405 quibusdam
1006 345 1064 391 in
1105 345 1235 394 locis
1272 343 1550 396 assumere?

166 424 217 460 26
241 417 378 463 Nam
402 428 601 482 praeter
623 416 695 474 id,
737 418 881 482 quod
902 419 1177 482 prudentis
1204 418 1289 477 est,
1329 421 1473 484 quod
1494 423 1552 469 in

235 506 448 555 quoque
482 494 738 556 optimum
772 493 868 550 est,
908 493 945 541 fi
973 493 1143 559 possit,
1177 493 1331 543 suum
1358 494 1552 544 facere:

233 576 364 622 tum,
400 569 457 614 in
484 578 620 615 tanta
639 570 714 615 rei
737 568 1051 625 difficultate,
1091 587 1261 617 unum
1292 571 1555 619 intuentes

236 642 330 690 vix
352 642 523 705 aliqua
543 659 657 706 pars
681 642 926 707 sequitur.
987 644 1218 707 Ideoque
1242 661 1361 693 cum
1383 655 1556 694 totum

234 717 548 779 exprimere,
590 735 747 782 quem
783 720 1024 783 elegeris,
1062 736 1224 783 paene
1256 718 1316 767 fit
1347 720 1554 768 homini

231 790 612 840 inconcessum:
666 794 902 858 plurium
954 794 1090 843 bona
1130 812 1388 860 ponamus
1437 805 1555 843 ante

233 867 440 923 oculos,
490 878 549 915 ut
579 868 724 917 aliud
756 886 818 916 ex
860 870 961 918 alio
997 870 1225 927 haereat,
1284 881 1361 927 et,
1409 869 1556 934 quod

159 959 209 993 27
234 943 425 1004 cuique
466 943 582 991 loco
617 947 921 1001 conveniat,
979 956 1228 1009 aptemus.
1327 947 1554 993 Imitatio

232 1028 405 1064 autem
437 1020 579 1078 (nam
610 1017 811 1085 saepius
844 1021 984 1067 idem
1007 1020 1200 1085 dicam)
1230 1038 1339 1069 non
1367 1019 1424 1068 sit
1443 1032 1556 1077 tan-

231 1102 342 1139 tum
365 1093 420 1139 in
442 1095 626 1142 verbis.
704 1096 834 1142 llluc
853 1096 1171 1144 intendenda
1194 1113 1355 1153 mens,
1391 1112 1556 1160 quan-

231 1177 344 1214 tum
379 1166 540 1217 fuerit
572 1171 678 1218 illis
708 1172 839 1218 viris
870 1171 1073 1220 decoris
1107 1173 1167 1219 in
1210 1172 1366 1220 rebus
1400 1183 1556 1235 atque

232 1240 493 1306 personis,
551 1245 697 1307 quod
733 1245 1035 1304 confilium,
1095 1263 1226 1311 quae
1271 1245 1556 1311 dispositio,

233 1334 389 1381 quam
413 1321 588 1368 onmia
612 1322 782 1378 etiam,
823 1339 955 1386 quae
985 1322 1316 1371 delectationi
1341 1321 1556 1382 videan-

318 1437 382 1472 26.
413 1447 496 1474 tum.
530 1439 656 1475 Guelf.
691 1449 823 1476 tamen.
857 1441 903 1477 cf.
927 1445 959 1488 §.
979 1451 1040 1484 13.
1062 1443 1155 1477 item
1182 1455 1244 1482 10,
1267 1451 1304 1485 5,
1331 1455 1391 1478 10.
1424 1443 1555 1490 Camp.

225 1491 293 1539 secl
315 1501 436 1527 tamen
456 1508 530 1542 pro
541 1494 610 1542 sed
633 1504 717 1531 tum.
948 1498 1046 1544 quod
1063 1499 1186 1544 cuique
1215 1497 1308 1532 loco.
1339 1497 1400 1532 Sic
1425 1498 1555 1533 Turio.

232 1550 270 1587 (a
287 1547 353 1582 [ec.
376 1553 510 1592 mann)
541 1551 669 1598 Camp.
694 1564 779 1586 cum
807 1551 918 1588 Bodl.
951 1553 1047 1600 quod
1070 1553 1115 1586 de
1137 1554 1262 1598 cquue
1283 1552 1394 1599 longo
1430 1552 1494 1596 (cf.
1519 1564 1555 1599 9,

234 1607 268 1644 4,
303 1604 386 1649 94.)
423 1605 552 1640 Tui-ic.
585 1605 685 1640 Flor.
727 1620 812 1642 cum
844 1607 942 1642 Alm.
977 1608 1075 1656 quod
1105 1610 1228 1656 cuique
1267 1607 1422 1651 (omiffo
1458 1607 1556 1647 loco)

232 1657 347 1691 Goth.
370 1659 466 1695 Jens.
489 1664 576 1704 (tac.
603 1662 729 1706 Gesn.)
760 1675 845 1697 cum
868 1662 966 1698 vall.
994 1663 1096 1699 Voff.
1124 1672 1158 1697 2.
1185 1672 1222 1697 et
1244 1662 1330 1700 edd.
1349 1673 1432 1698 ante
1450 1661 1558 1696 Bafil.

231 1724 305 1747 acc.
341 1713 431 1748 Bad.
466 1715 622 1763 Reliqui
656 1730 724 1763 qno
757 1719 913 1766 quidque
942 1719 1044 1756 loco,
1074 1728 1110 1752 et
1138 1719 1185 1752 fic
1218 1717 1345 1752 Guelf.
1375 1717 1558 1771 sedbmox

230 1769 353 1803 veniat:
375 1781 461 1802 cum
486 1770 587 1805 Voff.
620 1786 649 1805 1.
673 1782 709 1806 et
727 1782 936 1818 aptaremus
951 1772 1059 1807 Bafil.
1083 1772 1229 1817 (mire),

315 1833 378 1866 27.
409 1825 631 1860 intendenda
663 1841 770 1861 mens.
809 1829 937 1862 Turic.
971 1828 1122 1862 intenda
1152 1841 1259 1863 mens.
1299 1826 1402 1863 Flor.
1435 1829 1474 1872 (a
1499 1841 1558 1876 pr.

227 1881 362 1920 manu)
386 1880 623 1915 intendamus.
644 1881 742 1917 Alm.
766 1882 983 1917 incendaris.
1215 1891 1399 1931 quantum.
1425 1884 1558 1920 Turio.
1614 1920 1618 1926 ,

229 1946 319 1979 quae
343 1947 431 1967 cum.
462 1935 562 1971 Flor.
596 1940 632 1977 (a
655 1950 712 1984 pr.
734 1938 806 1983 m.)
835 1952 925 1986 quae
947 1947 1034 1974 tum.
1254 1939 1401 1972 decoris.
1425 1939 1555 1973 Turio.

228 1990 267 2031 (a
291 1989 355 2023 sec.
378 1991 450 2035 m.)
478 1990 578 2034 ‚Obnu
612 1993 754 2032 decori,·
784 1992 893 2028 male.
1125 1991 1326 2043 dispositio.
1356 1992 1461 2028 Flor.
1498 1993 1557 2028 de·

228 2041 372 2091 pofiti0.
406 2045 522 2080 Goth.
557 2050 644 2090 (tac.
676 2049 801 2088 Gesn.)
832 2049 1044 2096 disputatio.
1291 2061 1399 2095 quam
1431 2050 1558 2082 omnia

227 2100 348 2134 etiam.
380 2100 511 2136 Turic.
540 2103 636 2149 quod
660 2116 764 2137 omne
777 2105 868 2148 jam.
897 2117 943 2139 ex
963 2103 1064 2138 Alm.
1084 2103 1141 2138 nil
1159 2104 1229 2139 nisi
1252 2103 1322 2155 Qd
1337 2103 1365 2139 i.
1393 2116 1425 2138 e.
1445 2103 1555 2152 quod.

283 2196 456 2247 affumere
484 2201 511 2236 i.
547 2215 578 2236 e.
622 2202 716 2238 foris
754 2204 866 2238 arces·
922 2209 1202 2251 ‚‚argumento“
1252 2203 1354 2238 causa
1384 2201 1558 2238 defenda-

227 2252 314 2287 sere.
386 2254 480 2291 Vult
537 2258 639 2292 enim
686 2258 728 2292 in
784 2269 865 2293 toto
923 2268 999 2293 tur.
1029 2259 1120 2293 vide
1144 2268 1182 2293 ct
1210 2270 1282 2298 10,
1317 2270 1348 2298 1,
1385 2267 1471 2292 121.

230 2300 342 2357 quasti
367 2309 582 2347 fimillimus
614 2313 771 2360 ⁴quidem
797 2314 866 2348 effe
980 2314 1044 2349 26.
1067 2312 1241 2361 sequitur.
1275 2313 1322 2348 cf.
1345 2319 1367 2356 8
1389 2314 1475 2348 Pro.
1497 2319 1558 2356 ¹8·

230 2362 428 2399 Ciceronis
457 2367 604 2409 nostem
643 2379 711 2403 nec
743 2380 867 2403 tamen
923 2369 1017 2403 adde
1055 2379 1126 2407 ιι,
1171 2379 1217 2407 2,
1258 2376 1322 2414 39.
1380 2368 1478 2402 Mox
1511 2367 1558 2402 ad

227 2419 369 2452 recusat
398 2420 561 2457 virtutes
595 2423 639 2458 ab
671 2422 786 2469 hujus
808 2424 866 2458 in·
924 2427 957 2470 ᾖ.
982 2434 1045 2465 27.
1076 2423 1269 2458 Almelov.
1294 2420 1407 2470 ponit
1426 2421 1557 2458 locum

227 2473 342 2518 genio
364 2473 502 2510 alienas
534 2477 685 2513 aliunde
715 2490 863 2514 mutua·
922 2479 1041 2513 Plinii
1081 2479 1213 2527 Epistt.
1263 2492 1304 2517 1,
1374 2483 1422 2521 8,
1496 2483 1558 2520 ι4.

228 2527 284 2566 ri,
338 2529 677 2580 Ciceronianisque
731 2534 863 2579 adjun-
921 2533 1048 2582 „sequi
1068 2528 1122 2560 ⁵——
1151 2533 1287 2581 gloria,
1319 2545 1399 2568 non
1430 2532 1558 2582 appeti

227 2594 327 2628 gere.
387 2584 449 2618 Sic
483 2587 562 2623 Cic.
596 2591 677 2622 Inv.
713 2601 756 2628 2,
799 2595 862 2630 24.
920 2589 1101 2629 „debet.‘·

225 2637 408 2673 vocabuli
431 2638 623 2688 affumtiva
650 2645 747 2678 ratio
777 2643 862 2679 red·
980 2653 1043 2685 27.
1102 2641 1251 2691 saepius
1309 2642 1419 2678 idem.
1503 2639 1552 2676 cf.

230 2688 350 2728 ditur,
392 2695 496 2741 quod
533 2696 653 2743 „foris
682 2700 862 2745 adjuncto
921 2702 954 2746 §.
991 2708 1051 2741 13.
1078 2698 1139 2733 16.
