1696 3016
362 162 526 207 INST.
570 161 847 208 ORATOR.
874 160 1020 206 Lm.
1063 159 1137 216 X,
1186 171 1230 204 1.
1413 171 1477 214 23

1221 237 1230 256 2

126 286 241 344 his,
298 287 421 351 qui,
479 285 749 352 quidquid.
809 284 953 351 apud.
1000 284 1123 334 illos
1171 284 1482 350 reperietur,

127 362 344 412 dicendi
369 364 541 429 legem
567 373 782 429 putant,
819 373 881 412 ut
897 362 1159 412 deteriora
1186 362 1480 419 imitentur,

125 439 221 507 (id
266 441 408 489 enim
451 439 524 487 est
566 439 810 504 facilius)
855 457 912 487 ac
949 438 1001 487 se
1040 438 1251 488 abunde
1287 436 1478 487 slmiles

125 526 344 582 putent,
418 514 456 565 si
509 518 637 565 vitia
695 533 1015 582 magnorum
1075 514 1476 580 consequantur.

37 592 374 643 885Modeste
425 603 598 642 tamen
649 605 700 643 et
744 592 1118 659 circumspecto
1165 592 1368 656 judicio
1413 591 1479 640 de
1502 600 1552 637 26

127 671 285 734 tantis
305 671 436 719 viris
457 670 922 735 pronunciandum
947 669 1034 729 est,
1068 687 1152 728 ne,
1192 668 1343 734 quod.
1367 669 1481 735 ple-

126 748 308 812 risque
331 746 544 805 accidit,
585 747 838 797 damnent
859 764 993 812 quae
1016 765 1128 797 non
1154 747 1480 812 intelligunt.

125 826 203 874 Ac
251 823 289 872 fi
335 821 532 873 neceffe
585 824 656 872 est
702 826 760 873 in
800 826 1014 891 alteram
1053 841 1224 874 errare
1263 835 1482 890 partem,

120 901 306 950 omnia
328 917 516 950 eorum
538 901 832 966 legentibus
861 903 1091 967 placere,
1125 900 1483 967 quammulta

124 975 437 1043 displicere,
483 979 780 1026 maluerim.
861 980 1162 1027 Plurimum
1196 978 1328 1026 dicit
1365 995 1479 1027 ora-
1498 994 1551 1030 27

126 1055 234 1102 tori
273 1052 514 1104 conferre
547 1053 942 1120 Theophrastus
987 1056 1270 1104 lectionem
1300 1058 1480 1120 poeta-

126 1147 275 1180 rum:
324 1131 590 1196 multique
614 1135 726 1193 ejus
748 1132 1010 1194 judicium
1029 1130 1352 1196 sequuntur:
1389 1149 1482 1180 ne-

126 1223 235 1271 que
274 1209 559 1257 immerito.
637 1210 887 1274 Namque
919 1210 981 1257 ab
1007 1209 1090 1259 his
1114 1211 1173 1257 in
1196 1209 1355 1258 rebus
1378 1206 1482 1274 [pi-

128 1285 293 1343 ritus‚
333 1295 384 1332 et
414 1286 474 1334 in
497 1286 674 1334 verbis
695 1285 1011 1344 sublimitas,
1050 1298 1101 1335 et
1128 1288 1185 1334 in
1208 1283 1481 1335 affectibus

128 1372 307 1411 motus
346 1363 549 1421 omnis,
609 1374 661 1411 et
705 1364 764 1412 iu
804 1362 1040 1429 personis
1071 1363 1232 1413 decor
1266 1363 1482 1429 petitur,

214 1513 283 1548 his.
320 1513 383 1549 Sic
401 1514 534 1551 Turic.
553 1515 591 1558 (a
612 1514 679 1550 sec.
702 1530 754 1552 m.
778 1516 865 1560 hos)
893 1515 998 1552 flor.
1021 1515 1148 1553 Guelf.
1168 1516 1300 1565 Camp.
1321 1515 1484 1564 Reliqui

129 1571 188 1606 iis.
219 1570 265 1605 ef.
291 1581 326 1618 9,
351 1576 387 1613 4,
413 1581 478 1618 79.
511 1585 525 1605 1
542 1584 600 1606 10.
646 1570 682 1612 6,
707 1583 742 1616 4,
768 1584 803 1616 a.
991 1574 1201 1622 reperietur.
1263 1573 1324 1608 Sic
1347 1573 1481 1608 Tua-ic.

130 1629 171 1671 (a
201 1639 260 1675 pr.
289 1639 341 1662 m.
372 1629 621 1675 reperiemur).
680 1631 906 1677 reperierunt
931 1628 1034 1665 Flor.
1068 1643 1155 1665 cum
1175 1629 1284 1665 Bafil.
1305 1631 1484 1678 reperitur

123 1682 259 1719 ·Guelf.
284 1684 417 1732 Camp.
440 1696 528 1718 cum
549 1684 636 1720 ΑΜ.
660 1685 754 1722 Obr.
777 1686 892 1723 Bam.
908 1699 1029 1734 marg.
1052 1685 1214 1734 Reliqui
1232 1694 1452 1735 repererunt.

222 1761 287 1798 26.
321 1759 509 1809 Modefie.
569 1764 700 1799 Turie.
724 1764 828 1801 Flor.
865 1767 902 1810 (a
923 1779 981 1814 pr.
1001 1778 1054 1802 m.
1081 1768 1274 1813 uterque)
1308 1761 1482 1811 modesta.

213 1818 268 1853 Ac
281 1816 331 1868 fi.
390 1817 517 1854 Guelf.
546 1819 645 1869 Acfi
666 1834 752 1855 cum
774 1821 893 1857 Goth.
1116 1822 1320 1870 displicere.
1378 1820 1483 1857 flor.

132 1875 266 1923 Camp.
286 1872 474 1923 dispicere.
534 1876 661 1911 Guelf.
696 1876 877 1925 despicere
898 1891 987 1913 cum
1008 1877 1261 1926 marg-'BafiL

217 1931 422 1967 maluerim.
456 1932 589 1968 Turie.
612 1933 737 1969 Guelf.
764 1935 969 1970 maluerint.

218 2008 283 2043 27.
317 1998 373 2032 his
393 1999 442 2035 in.
476 1999 539 2034 Sic
560 2000 690 2035 Turio.
715 2001 817 2036 Flor.
840 2003 970 2050 Camp.
985 2002 1103 2037 Goth.
1118 2001 1216 2040 Jens.
1238 1993 1336 2045 (tic.
1351 1999 1486 2046 Gesn.)

133 2055 249 2092 Tarv-
280 2067 371 2090 cum
397 2055 504 2094 Voff.
526 2067 563 2091 2.
622 2056 784 2105 Reliqui
815 2058 989 2093 inserunt
1008 2068 1044 2093 ec
1064 2058 1241 2093 suadente
1264 2058 1401 2106 Regio.

137 2196 175 2222 et
213 2183 371 2221 Ruhnk.
412 2187 460 2222 ad
505 2187 631 2223 Rutil.
678 2190 779 2238 Lup.
837 2191 954 2231 „VIL
996 2191 1162 2225 sumtum
1178 2216 1188 2230 ,
1228 2189 1274 2225 de
1304 2189 1485 2226 Callima'-

135 2256 175 2292 Ρ.
211 2251 303 2285 ιι4.
369 2243 576 2279 Heindorf.
609 2245 654 2279 ad
685 2244 781 2280 Plat.
838 2246 940 2287 „cho
971 2246 1256 2288 Grammatico,
1288 2247 1422 2283 audaci
1452 2259 1489 2282 ct

137 2298 257 2348 Soph.
287 2306 352 2340 50.
837 2303 1000 2352 „inepto
1043 2303 1210 2338 Homeri
1256 2314 1487 2343 correctum,

196 2362 260 2398 25-
279 2354 342 2390 26.
360 2355 781 2404 accidit—purant-——.
839 2370 978 2406 „putat
1012 2360 1177 2395 fabren.
1218 2359 1263 2394 ad
1302 2360 1484 2396 column.

134 2420 266 2462 putent
284 2427 341 2436 -·-
358 2413 502 2448 accidit.
536 2414 580 2448 cf.
601 2413 647 2448 ad
669 2418 702 2460 §.
719 2423 780 2457 25.
839 2416 972 2462 „Traj.
992 2430 1030 2465 p.
1053 2422 1148 2459 5¹·“
1182 2415 1373 2452 Ahnelov.

137 2469 204 2504 sec.
226 2466 307 2503 loct
322 2468 372 2502 ita
395 2481 488 2503 mox
507 2475 570 2513 23.
589 2481 649 2517 29.
673 2484 783 2518 quae·
901 2481 964 2515 27.
1013 2470 1294 2522 Theophrastus.
1356 2473 1405 2508 cf.
1449 2486 1485 2522 9,

123 2525 224 2560 *dam
241 2541 297 2550 —
318 2524 568 2574 quaedam—
588 2527 781 2576 quaedum.
842 2534 877 2571 4,
912 2535 977 2573 38.

195 2580 260 2617 26.
290 2581 455 2617 alteram.
486 2582 532 2618 cf.
566 2590 601 2626 5,
632 2595 693 2623 ιο,
717 2583 780 2630 69.
899 2586 935 2619 in
964 2584 1130 2634 personis
1161 2586 1280 2621 decor.
1311 2586 1358 2622 cf.
1383 2587 1421 2628 6,
1452 2600 1484 2626 1,

197 2637 371 2672 damnent
405 2648 499 2687 quae
534 2652 608 2674 non
646 2640 781 2673 intelli·
842 2649 905 2685 25.
938 2648 984 2686 8,
1007 2650 1051 2685 5,
1076 2651 1139 2678 22.
1177 2652 1222 2686 4,
1250 2653 1295 2682 2,
1324 2655 1385 2691 ¹9·
1422 2657 1484 2681 ix,

142 2701 246 2742 gunt.
295 2694 410 2734 „Hoc
437 2707 484 2730 ex
505 2695 690 2731 Strabone
711 2694 782 2732 lib.
845 2710 879 2738 1,
911 2703 979 2744 44.
