1676 3028
298 235 397 280 610
610 231 689 277 Μ,
715 230 849 278 mn.
882 228 1290 291 QUINTILIANI

300 369 412 404 rem
440 351 631 403 dicitur
662 350 914 418 refugisse,
950 352 1088 400 nihil
1122 350 1273 400 ausus
1299 350 1434 402 ultra
1457 352 1597 403 leves
1659 346 1671 353 ’

302 446 468 495 genas.
547 431 610 477 At
646 445 778 494 quae
814 427 1072 493 Polycleco
1111 425 1416 486 defuerunt,
1477 426 1598 478 Phi-

257 497 418 560 §diae
444 513 597 565 atque
624 503 890 554 Alcameni
918 502 1122 551 dantur.
1193 500 1404 550 Phidias
1428 511 1598 551 tamen

301 579 402 627 diis
434 593 591 640 quam
624 579 928 629 hominibus
954 574 1240 626 efficiendis
1269 575 1459 626 melior
1483 577 1602 625 arti-

298 652 386 702 fex
425 651 679 712 creditur,
739 655 796 702 in
831 654 987 703 ebore
1018 669 1146 701 vero
1183 651 1340 716 longe
1368 652 1494 699 citra
1523 665 1603 700 ae·

297 729 533 785 mulum,
569 729 655 776 vel
682 727 724 778 si
754 729 891 777 nihil
922 726 1021 777 nifi
1050 729 1344 775 Minervam
1371 724 1605 783 Athenis,

300 813 391 852 aut
423 803 712 868 Olympium
741 805 798 853 in
826 803 975 852 Elide
1002 804 1210 860 Iovem,
1251 798 1468 850 feciffet:
1513 817 1605 848 cu-

298 883 383 939 ius
414 878 758 945 pulchritudo
789 875 1017 940 adjeciffe
1045 875 1246 941 aliquid
1280 876 1434 924 etiam
1465 890 1604 924 rece-

298 963 416 1020 ptae
448 954 691 1018 religioni
720 953 931 1002 videtur
941 971 955 1011 ;
1004 952 1132 1001 adeo
1166 950 1396 1011 majestas
1431 950 1603 1016 operis

297 1028 461 1077 deum
487 1030 742 1093 aequavit.
823 1029 901 1077 Ad
928 1028 1202 1076 veritatem
1226 1021 1516 1096 Lysippum
1547 1041 1604 1072 ac

297 1103 609 1151 Praxitelem
643 1101 875 1152 accessiffe
906 1103 1102 1167 optime
1135 1097 1406 1149 affirmant.
1464 1102 1605 1149 Nam

296 1177 596 1227 Demetrius
628 1188 869 1244 tanquam
906 1178 1103 1226 nimius
1138 1177 1196 1224 in
1235 1191 1292 1224 ea
1326 1175 1606 1241 reprehen-

297 1251 467 1310 ditur,
513 1263 565 1300 et
598 1251 704 1302 fuit
731 1251 1091 1302 similitudinis
1127 1266 1284 1315 quam
1315 1249 1608 1316 pulchritu-

297 1458 426 1493 aeiorem
454 1455 579 1492 Guelf.
614 1455 708 1492 Exe.
740 1457 842 1491 Sant.
898 1463 980 1491 utra
1009 1455 1099 1491 levis
1126 1450 1229 1491 Flor.
1287 1467 1322 1488 u.
1350 1454 1450 1489 levas
1479 1446 1604 1490 Guel‘f.

295 1525 332 1550 u.
361 1511 459 1562 {pnes
483 1509 602 1547 Goth,
660 1510 828 1547 Alc-meni
855 1510 973 1547 Goth.
1003 1512 1090 1556 (tac.
1120 1506 1251 1557 Gel'n.)
1279 1508 1463 1544 Alcimom'
1475 1509 1603 1557 Camp.

407 1642 446 1679 9.
502 1630 669 1666 creditur.
723 1630 785 1665 Sic
822 1629 953 1665 Turic.
997 1629 1101 1665 Flor.
1141 1629 1271 1679 camp.
1316 1628 1442 1666 Guelf.
1485 1629 1600 1665 Goth.

296 1684 386 1736 (tac.
416 1685 542 1729 Gesn.)
571 1686 663 1720 Exc.
694 1685 794 1720 Sant.
825 1696 857 1718 ο.
884 1683 985 1720 Alm.
1014 1685 1128 1720 Bern.
1165 1685 1266 1723 Voff.
1300 1695 1337 1722 2.
1374 1683 1485 1722 Colb.
1514 1684 1600 1722 Ald.

296 1740 454 1777 traditur
480 1739 635 1787 reliqui.
695 1740 739 1772 In
767 1737 942 1774 sollemni
964 1738 1243 1787 permutatione
1273 1739 1338 1787 (cf.
1367 1751 1429 1779 ιο,
1453 1749 1490 1781 2,
1519 1738 1603 1787 20.)

294 1795 396 1832 illud
424 1793 591 1844 praetuli
626 1806 706 1829 non
741 1792 863 1829 solum
901 1795 951 1829 ob
980 1792 1171 1831 librorum
1201 1794 1484 1835 auctoritatem,
1540 1794 1603 1831 sed.

296 1851 480 1900 quoniam
511 1850 556 1885 de
585 1848 742 1884 Phidiae
769 1859 847 1884 arto
885 1860 922 1886 et
951 1849 1170 1897 praestantia
1199 1862 1277 1885 non
1306 1847 1461 1885 traditio
1491 1861 1603 1899 quae·

297 1906 398 1946 dam,
426 1905 487 1941 sed
514 1905 704 1951 judicium
733 1904 845 1939 etiam
881 1915 963 1940 tum
995 1914 1072 1940 erat
1101 1915 1138 1940 et
1165 1905 1363 1953 persuasio.
1532 1906 1600 1950 cui.

293 1961 432 2010 pulchr.
470 1960 546 2004 adj.
591 1972 666 1994 om.
708 1959 839 1995 Turio.
879 1959 983 1995 Flor.
1025 1971 1055 1995 c.
1094 1959 1194 1996 Alm.
1253 1960 1336 1995 ideo
1375 1957 1502 1995 Guelf.
1562 1972 1604 1995 ac

294 2016 436 2051 Praxit.
493 2016 555 2050 Sic
583 2015 713 2050 Turio.
744 2013 845 2052 Flor.
876 2014 1002 2051 Guelf.
1029 2015 1158 2063 Camp.
1190 2025 1226 2050 et
1254 2015 1303 2050 [ic
1330 2015 1372 2050 in
1400 2014 1603 2063 superiori·

293 2069 367 2107 bus
396 2069 486 2105 bina
514 2070 657 2118 semper
685 2069 842 2116 nomina
870 2083 939 2118 per
969 2078 1105 2121 atquo„
1143 2069 1302 2119 Reliqui
1347 2078 1383 2105 et
1420 2069 1461 2106 P.
1502 2079 1601 2105 certe

295 2125 413 2161 Goth.
455 2135 493 2161 et
532 2125 614 2160 edd.
657 2137 743 2160 nam
784 2124 932 2162 silentio
962 2126 1007 2160 de
1038 2125 1148 2162 codd.
1183 2125 1287 2160 nulla
1316 2125 1358 2160 in
1387 2123 1526 2161 talibus
1555 2123 1601 2160 fi-

297 2179 374 2232 deq.
462 2182 574 2214 minus
603 2181 640 2214 in
669 2194 711 2215 ea
739 2180 865 2216 Guelf.
894 2182 986 2217 Exc.
1018 2182 1120 2216 Sant.
1178 2182 1217 2216 in
1244 2194 1287 2216 ta
1313 2177 1445 2216 nimius
1467 2179 1597 2229 Camp.

295 2246 332 2269 n.
362 2235 400 2271 ἱὶι
427 2249 469 2272 eo
503 2235 598 2272 Obr.
628 2232 721 2280 (err.
751 2237 902 2280 Bul-m.)

354 2441 391 2478 9.
447 2429 657 2478 efficiendis.
709 2434 809 2473 „Pro
840 2432 922 2481 effi·-
976 2432 1077 2480 ‚‚leg.
1100 2431 1170 2467 ult.
1196 2430 1242 2465 de
1265 2429 1400 2465 artific.
1427 2427 1598 2477 Efficien-

296 2486 475 2532 ,‚g1'andis,
507 2496 549 2521 ut
567 2499 653 2521 cum
675 2486 840 2535 Apulejo
862 2487 920 2522 lo·
975 2488 1072 2528 „dos
1091 2485 1215 2535 sacros
1236 2485 1396 2521 vultus.“
1423 2481 1598 2518 Colome·

295 2553 429 2588 „quan
458 2541 522 2576 vel
552 2541 778 2589 effingendis.
838 2544 919 2576 Ma·
975 2543 1061 2578 sius.
1088 2542 1145 2578 Cf.
1168 2549 1202 2583 5,
1235 2549 1294 2579 ια,
1324 2549 1387 2573 21.
1411 2539 1503 2572 item
1516 2538 1599 2572 Du-

294 2595 428 2634 ..cr0b.
452 2603 488 2638 5.
512 2599 584 2631 Sat.
611 2597 750 2639 17.hac
768 2599 921 2633 materia
974 2597 1111 2632 herum
1138 2609 1196 2644 ap.
1224 2592 1399 2630 Oudend.
1431 2591 1477 2627 ad
1506 2593 1598 2626 Sue-

295 2650 380 2690 ..vel
399 2653 553 2685 maxime
587 2654 624 2686 in
653 2652 853 2698 efficiendis
864 2651 920 2700 si·
975 2663 1054 2688 ton.
1081 2650 1231 2686 Domit.
1263 2659 1322 2695 ¹9·
1365 2648 1432 2695 qui
1475 2656 1596 2687 tamen

294 2704 488 2744 ..mutueris
498 2708 759 2744 utuntur-Cod.
771 2707 917 2744 Thcod.
973 2706 1136 2742 malebat
1152 2704 1193 2740 h.
1211 2702 1238 2739 l.
1260 2702 1488 2750 effingendis·
