1696 3016
273 182 334 232 42
572 173 660 220 Μ.
695 174 829 219 FAB.
881 175 1290 236 QUINTILIANI

273 297 509 355 tudines‚
549 291 995 363 amplificationes,
1035 301 1288 364 exempla,
1328 296 1604 363 digressuss

273 372 410 438 figna
450 390 627 422 rerum
673 383 723 421 et
763 384 1090 440 argumenta,
1149 386 1414 438 ceteraque
1458 389 1590 437 quae

271 449 525 514 probandi
570 466 626 496 ac
664 447 929 498 refutandi
968 448 1109 505 sunt,
1162 450 1238 497 ita]
1273 451 1464 505 multa,
1531 457 1594 496 ut

272 526 452 580 etiam,
509 525 603 589 qui
643 524 708 571 de
750 524 943 572 artibus
982 523 1316 588 scripserunt,
1373 523 1593 588 plurimi

270 599 457 647 barum
476 616 652 647 rerum
671 598 1027 648 testimonium
1046 601 1107 646 ab
1125 600 1228 647 1100
1244 603 1394 663 poeta
1403 607 1591 663 petant.

274 676 415 730 Nam
455 676 692 739 epilogus
732 675 949 737 quidem
992 676 1109 738 quis
1137 690 1372 738 unquam
1400 674 1593 738 poterit

223 799 230 807 ,
271 750 376 797 illis
393 750 580 796 Priami
591 750 819 812 rogantis
832 749 1340 815 Achillem‘preoibus
1351 749 1560 812 aequati
1569 748 1594 794 2

272 824 450 890 Quid?
495 826 551 871 in
582 826 785 880 verbis,
836 823 1125 880 sententiis,
1173 823 1378 889 figuris,
1415 823 1596 887 dispo-

271 899 455 947 sitione
496 901 656 947 totius
687 900 882 962 operis,
939 916 1116 948 nonne
1146 900 1365 947 humani
1394 897 1605 962 ingenii*

271 973 489 1023 modum
526 974 757 1021 excedit?
818 985 876 1022 ut
902 976 1076 1038 magni
1107 973 1162 1022 [it
1190 976 1317 1032 viri,
1373 975 1601 1021 virtutes¹

272 1053 383 1111 ejus
412 1067 522 1098 non
554 1050 925 1107 aemulatione,
963 1050 1110 1114 quod
1137 1048 1250 1098 fieri
1276 1066 1388 1099 non
1416 1045 1598 1113 potest,

357 1208 541 1248 ceteraque
569 1213 671 1249 quae.
732 1199 794 1233 Sic
821 1199 902 1233 mss‘.
935 1211 1066 1235 omnes
1101 1210 1138 1234 et
1160 1198 1245 1234 edd.
1268 1210 1352 1234 ante
1377 1197 1463 1234 Ald.
1522 1196 1599 1231 Hic

273 1267 360 1290 cum
389 1253 549 1301 reliquis
579 1264 662 1288 ante
700 1255 807 1289 Gesn.
838 1254 984 1290 omittit
1004 1268 1113 1302 quae,
1143 1254 1297 1300 jubente
1317 1253 1451 1301 Regio.
1513 1251 1609 1302 Ger-¹

271 1322 385 1345 uerus
415 1318 531 1344 cetera
560 1323 732 1358 quaeque.
802 1309 973 1347 Verbum
1009 1320 1131 1344 autem
1151 1308 1241 1357 sunt
1276 1321 1406 1343 omnes
1434 1308 1600 1355 jungunt

272 1364 512 1412 sequentibus
537 1367 588 1398 ita
609 1365 734 1399 multa.
1143 1364 1273 1399 Turio.
1302 1363 1402 1399 Flor.
1431 1363 1598 1410 plurime,

273 1434 291 1453 a
323 1421 389 1455 sec.
421 1418 488 1453 ille
516 1432 631 1454 manu
657 1420 833 1466 plurima,
875 1430 911 1454 et
940 1421 986 1453 fic
1021 1419 1172 1468 reliqui.
1246 1419 1427 1454 Nostrum
1461 1431 1479 1452 e
1509 1429 1598 1452 con-

271 1477 424 1521 jectura.
644 1475 781 1510 harum.
840 1474 902 1508 Sic
931 1475 1060 1508 Turio.
1093 1474 1195 1509 Flor.
1230 1474 1359 1521 Camp.
1394 1485 1479 1507 cum
1496 1471 1596 1507 Alm-

272 1529 428 1576 Reliqui
449 1541 581 1571 earum.
801 1526 1052 1576 testimonium.
1101 1529 1164 1564 Sic
1184 1529 1312 1564 Turio.
1337 1527 1459 1568 Flor.;
1493 1540 1512 1561 a
1528 1526 1597 1561 sec.

272 1599 320 1620 m.
344 1594 502 1630 uterque
522 1579 734 1630 testimonia,
764 1594 800 1618 et
824 1585 870 1618 fic
896 1583 1048 1630 reliqui.
1606 1622 1610 1632 ι

296 1652 299 1654 ·
358 1647 418 1682 50.
452 1638 628 1684 epilogus.
697 1639 826 1674 Tui-,ic
860 1647 895 1673 et
923 1639 1124 1686 philochus
1194 1631 1296 1674 Flor.
1330 1646 1366 1672 et
1395 1624 1596 1684 epiloghu's.

273 1696 402 1742 Camp.
435 1701 470 1727 et·
497 1693 664 1741 epilogus
686 1706 772 1728 cum
793 1694 895 1729 Voss.
920 1706 954 1728 2.
989 1695 1103 1731 Goth.
1132 1706 1170 1730 et
1191 1694 1273 1729 edd.
1301 1703 1384 1728 ante
1406 1690 1512 1726 Bafil.
1606 1687 1610 1690 ’

291 1752 295 1756 ’
357 1751 448 1798 quis.
506 1748 694 1793 Tu1ic.(a
714 1762 771 1797 pr.
795 1762 845 1783 m.
852 1750 867 1791 )
892 1752 1109 1796 quas.A11
1131 1750 1190 1784 fo]
1193 1759 1228 1783 te
1249 1761 1342 1784 mox
1359 1759 1429 1795 pio
1451 1747 1611 1795 aequari>

273 1806 347 1841 fuit
368 1805 552 1852 aequare?
769 1805 902 1839 Priam.
928 1817 1005 1852 ν.ος
1029 1806 1117 1840 ΛεΙι.
1177 1803 1301 1838 Guelf.
1323 1815 1401 1850 rog.
1427 1801 1514 1835 Ach.
1537 1801 1597 1837 Pt-

274 1873 361 1896 cum
392 1858 507 1893 Goth.
548 1868 584 1892 et
621 1858 703 1893 edd.
747 1869 829 1894 ante
858 1859 964 1894 Bam.
997 1861 1193 1895 accedente
1226 1857 1320 1893 Obr.
1354 1869 1433 1892 exc.
1465 1855 1595 1903 Camp.

274 1915 379 1964 quod
410 1912 546 1961 probat
575 1913 769 1948 Gesnerus.
992 1915 1142 1950 excedit.
1192 1912 1316 1949 Guelf.
1351 1909 1491 1959 excqffit
1511 1922 1599 1945 cum

274 1970 377 2007 Vols.
404 1977 440 2012 5.
473 1967 567 2006 Jens.
604 1978 639 2002 et
659 1968 740 2002 edd.
764 1967 898 2015 poster.
923 1978 1006 2004 ante
1027 1969 1130 2004 Bam.
1154 1982 1226 2005 acc.
1251 1967 1345 2002 Obr.
1514 1965 1596 2001 viri.

274 2025 403 2060 Τ1111ο.
430 2022 532 2058 Flor.
555 2022 644 2067 (hic
662 2037 680 2057 a
700 2036 757 2072 pr.
781 2036 832 2058 m.
844 2027 860 2068 )
887 2025 1070 2060 omittunt
1090 2037 1177 2059 cum
1198 2023 1296 2060 Alm.

922 1365 1083 1412 plurimi.

277 2155 450 2191 existimo
463 2179 473 2194 ,

283 2498 329 2519 ex
356 2485 541 2518 Homero.
596 2485 646 2518 Et
677 2485 721 2519 de
747 2485 808 2519 his
829 2484 914 2532 qui-

282 2540 366 2575 dem
389 2538 635 2573 nominativis
659 2539 838 2574 absolutis
867 2538 914 2573 cf.

283 2599 532 2639 5.14.31·

523 2152 641 2202 idque
682 2155 756 2190 fine
795 2154 908 2189 vitio.

277 2212 369 2246 Sunt
379 2210 503 2244 refero
516 2209 561 2245 ad
573 2209 778 2244 relativum
797 2223 888 2258 quae
899 2223 911 2243 .-

278 2266 361 2304 sunt
382 2264 484 2299 enim
507 2278 548 2300 ea
568 2265 749 2310 probandi
771 2275 807 2300 et
818 2263 913 2311 refu-

280 2319 405 2360 canili,
452 2319 626 2366 intellige
667 2317 912 2366 instrumenta.

281 2375 341 2410 Sic
366 2385 635 2409 enumerantur
654 2388 723 2423 pel·
740 2375 914 2410 nomina·

281 2431 383 2465 tivos
401 2441 648 2476 quaecunque
663 2430 743 2477 peti
759 2429 914 2478 possunt

599 2594 715 2640 Signa
746 2605 784 2629 et
809 2607 916 2642 argu-

283 2657 406 2684 menta.
435 2647 673 2694 conjunctim
695 2648 919 2698 applicanda

965 2155 1048 2189 funt
1087 2154 1261 2202 genitivo
1290 2165 1426 2192 rerum,
1469 2160 1506 2200 et
1535 2147 1598 2184 de-

965 2211 1157 2257 signantur
1189 2222 1249 2250 ea,
1279 2208 1324 2243 dc
1354 2206 1494 2255 quibus
1514 2217 1598 2252 ege-

967 2276 1025 2299 rat
1045 2265 1146 2300 libro
1171 2272 1217 2307 5,
1248 2277 1278 2299 c.
1302 2275 1336 2310 9.
1362 2275 1423 2297 ιο.
1483 2259 1599 2306 Quod

970 2319 1106 2367 copula
1142 2330 1210 2368 que
1249 2329 1391 2352 annexa
1430 2316 1480 2350 est
1506 2314 1600 2350 voci

970 2383 1086 2409 cetera
1116 2375 1157 2408 in
1179 2373 1251 2408 fine
1268 2372 1415 2421 politae,
1438 2383 1516 2405 non
1539 2382 1598 2403 re·

970 2429 1071 2464 cedit
1103 2429 1148 2463 ab
1178 2429 1245 2462 usu
1274 2437 1467 2463 veterumt
1515 2424 1598 2460 vid.

969 2484 1210 2545 piooemium
1235 2484 1405 2518 nostium
1430 2479 1598 2515 volumi-

970 2539 1028 2574 nis
1059 2538 1162 2574 tertii
1199 2534 1479 2587 p.X11.Ad
1507 2531 1601 2582 testi·

972 2596 1130 2631 monium
1160 2594 1206 2630 cf.
1232 2609 1273 2633 ι,
1298 2599 1344 2637 82
1372 2599 1434 2627 12
