1676 3028
350 193 528 279 mser.
564 231 842 281 ORATOR.
877 230 999 274 Lm.
1033 228 1106 286 Χ,
1150 243 1196 274 2.
1362 243 1453 288 131

102 360 274 411 Habet
299 370 476 409 tamen
516 361 688 409 omnis
728 357 1029 422 eloquentia
1069 356 1275 422 aliquid
1307 375 1451 407 com-

103 455 281 488 mune.
319 437 609 496 imitemur,
649 435 797 503 quod.
821 451 1105 484 commune
1127 433 1213 483 est.
1273 436 1444 484 Etiam
1472 454 1524 489 25

15 529 94 572 923
106 515 212 564 hoc
236 513 365 565 solet
390 515 720 572 incommodi
746 512 979 561 accidere
1007 512 1102 568 eis,
1141 513 1239 576 qui
1269 511 1321 560 se
1349 514 1449 561 uni

44 600 50 602 ’
102 593 263 641 alicui
300 593 481 656 generi
522 591 869 647 dediderunt,
924 599 985 638 ut
1031 588 1068 637 fi
1102 587 1345 654 asperitas
1379 591 1447 641 iis

103 669 307 737 placuit
332 670 570 730 alicujus,
607 671 743 717 hanc
770 669 926 716 etiam
947 668 1004 715 in
1029 667 1215 714 leniae
1241 664 1446 717 remisso

107 746 381 794 causarum
415 742 605 812 genere
638 764 749 796 non
783 755 1002 794 exuant:
1058 743 1095 792 fi
1129 745 1355 794 tenuitas
1392 762 1450 793 ac

103 822 425 884 jucunditas,
461 825 520 871 in
540 821 729 888 asperis
747 822 1098 888 gravibusque
1134 819 1292 871 causis
1315 839 1452 889 pon-

106 898 222 947 deri
275 915 456 948 rerum
515 915 705 965 parum
755 898 1128 965 respondeant:
1190 916 1332 956 ,cum
1391 898 1452 947 fit

105 974 307 1025 diversa
339 993 452 1036 non
484 975 758 1027 causarum
797 976 962 1026 modo
995 976 1135 1025 inter
1168 974 1301 1044 ipsas
1326 993 1453 1027 cou-

190 1143 324 1170 tamen.
357 1133 489 1182 Camp.
513 1135 619 1170 enim.
650 1135 696 1170 cf.
714 1146 748 1184 9,
781 1141 816 1179 4,
848 1134 912 1178 65,
941 1135 1036 1169 item
1066 1145 1130 1174 10,
1163 1142 1201 1176 5,
1234 1143 1299 1177 27.
1332 1132 1453 1169 Goth.

101 1191 191 1233 (tac.
224 1191 354 1236 Gesn.)
389 1191 485 1224 enim
515 1203 587 1239 pro
621 1201 745 1229 tamen
772 1204 864 1227 cum
897 1190 1004 1228 Voss'.
1036 1199 1072 1224 2.
1096 1199 1132 1233 5.
1358 1204 1452 1225 com·

103 1260 222 1281 mune.
252 1249 446 1282 imitemur.
479 1247 542 1282 Sic
570 1248 703 1284 Turio.
733 1247 838 1284 Flor.
874 1247 957 1292 (hic
990 1260 1008 1281 a
1036 1260 1095 1296 pr.
1124 1247 1196 1291 m.)
1227 1259 1316 1282 cum
1348 1245 1451 1282 Alm.

99 1300 263 1350 'Reliqui
282 1303 454 1339 inserunt
485 1304 541 1340 Id.

191 1368 255 1401 23.
287 1360 518 1396 incommodI.
559 1361 690 1396 Turio.
734 1362 864 1396 incom.
904 1373 924 1394 a
954 1360 1021 1395 sec.
1049 1372 1102 1393 m.
1145 1360 1183 1392 ἰη
1215 1371 1271 1393 eo-
1315 1358 1451 1407 Camp.

103 1414 323 1463 transponit
351 1431 423 1451 acc.
446 1417 513 1452 inc.
546 1418 670 1452 Modo
702 1417 821 1453 Goth.
847 1415 946 1456 Jens.
979 1420 1067 1461 (tac.
1095 1412 1232 1461 -Gesn.)
1256 1412 1359 1462 solet
1386 1415 1455 1449 hoo

104 1483 192 1506 cum
217 1471 303 1508 edd.
322 1473 480 1521 postea-r.
503 1484 588 1508 ante
609 1473 721 1510 Bafil.
894 1475 955 1507 eis.
987 1473 1118 1507 Turio.
1150 1473 1239 1516 ejus,
1272 1484 1291 1504 a
1313 1471 1380 1505 sec.
1398 1483 1451 1506 m.

101 1528 288 1569 nostrum,
321 1540 358 1564 et
385 1529 437 1564 sic
458 1528 560 1565 Flor.
593 1530 649 1564 his
679 1530 806 1566 Guelf.
825 1528 936 1566 Basil.
967 1527 1125 1577 Reliqui
1156 1530 1212 1562 iis.
1245 1527 1293 1562 cf.
1326 1530 1359 1573 ᾗ.
1391 1540 1452 1562 ιι.

188 1586 263 1620 uni.
295 1585 427 1621 Turic.
463 1587 500 1629 (a
524 1586 593 1621 sec.
615 1591 688 1630 m.)
709 1586 813 1623 Flor.
843 1588 882 1632 (a
906 1599 964 1634 pr.
984 1587 1056 1631 m.)
1090 1586 1221 1633 Camp.
1253 1583 1454 1619 omittunt.

101 1639 236 1677 Turic.
267 1654 340 1690 pro
379 1641 501 1691 quise
524 1645 589 1678 uni
612 1644 725 1679 alicui
754 1657 774 1679 a
797 1658 856 1692 pr.
880 1656 932 1678 m.
967 1645 1048 1691 quis
1068 1656 1148 1676 eum
1166 1657 1199 1676 a.
1234 1641 1278 1674 in
1303 1652 1382 1687 quo
1405 1639 1455 1675 est

99 1697 272 1732 nostrum
292 1697 431 1746 ipsum.
619 1703 674 1736 iis.
707 1700 769 1736 Sic
787 1700 919 1735 Tui-ic.
945 1699 1062 1736 Goth.
1084 1699 1182 1739 lens.
1213 1699 1302 1743 (tac.
1323 1697 1455 1739 Gesn.)

60 1758 62 1760 ’
100 1764 189 1788 cum
211 1754 296 1790 edd.
318 1756 474 1803 posterr.
500 1767 586 1792 ante
604 1758 716 1794 Bafil.
747 1756 908 1805 Reliqui
935 1756 1003 1791 his.
1033 1755 1080 1791 cf.
1113 1758 1146 1801 §.
1174 1755 1236 1790 16.

183 1811 297 1846 etiam
326 1810 431 1847 Flor.
454 1815 491 1855 (a
509 1826 573 1861 «ΡΥ.
595 1816 668 1859 m.)
694 1814 852 1850 omittit.
1084 1824 1128 1845 ac
1141 1810 1367 1856 jucunditas.
1391 1809 1455 1844 Sic

100 1865 234 1902 Turic.
254 1866 358 1902 Flor.
382 1869 514 1916 Camp.
536 1883 625 1905 cum
655 1871 756 1906 Alm.
789 1868 904 1905 Bodl.
935 1867 1038 1904 Alm.
1073 1867 1166 1913 (nisi
1188 1867 1294 1916 quod
1322 1879 1369 1902 ex
1391 1865 1456 1901 his

103 1922 230 1958 tribus
247 1924 342 1967 aut).
375 1926 408 1960 A
434 1926 499 1961 sec.
519 1939 638 1962 manu
670 1928 773 1964 Flor.
805 1926 867 1962 vel
896 1926 1058 1960 nuditas.
1091 1923 1254 1971 Reliqui
1282 1931 1347 1958 aut
1377 1921 1456 1966 (sed

99 1979 198 2016 Jens-
230 1983 318 2022 [tam
343 1981 472 2024 Gesn]
503 1983 618 2019 Tarv.
640 1998 684 2018 ac
722 1997 810 2020 cum
835 1983 921 2018 edd.
944 1981 1103 2031 posterr.
1137 1990 1223 2014 ante
1242 1978 1352 2013 nafil.
1374 1990 1455 2012 exc.

96 2033 222 2079 ΛΗΘ)
258 2037 421 2073 ἰ’ίῑῖἱῧίῑ-*Ἂ
656 2041 829 2090 ponderi.
873 2038 1007 2074 Turio.
1042 2039 1081 2072 in
1109 2036 1289 2083 ponderi,
1332 2048 1352 2068 a
1385 2034 1455 2070 sec.

97 2102 217 2127 :manu
236 2093 275 2126 ιἠ.
297 2094 470 2139 pondere.
704 2111 850 2146 parum.
882 2095 1016 2130 Turio.
1042 2097 1080 2138 (a
1106 2093 1176 2127 sec.
1199 2093 1271 2136 m.)
1294 2092 1454 2140 parium.

184 2146 440 2196 respondeant.
483 2152 614 2192 Turic.
647 2155 684 2198 (a
705 2166 762 2202 pr.
787 2154 860 2196 m.)
891 2150 1124 2199 respondeat.
1362 2149 1457 2181 inter

99 2199 212 2250 ipsas.
246 2202 350 2241 Flor.
377 2207 415 2250 (a
439 2207 505 2242 sec.
525 2208 600 2254 m.)
643 2209 761 2246 Goth.
791 2209 889 2247 Jens.
921 2211 1012 2251 (tac.
1045 2206 1174 2250 Gesn.)
1213 2205 1390 2240 inserunt
1413 2201 1458 2252 [ο

71 2298 74 2301 ,
100 2269 191 2310 ,cum
211 2259 368 2297 Voffin.
397 2273 434 2298 et
457 2264 541 2299 edd.
565 2265 724 2313 posterr.
749 2275 834 2300 ante
855 2262 946 2299 Bad.
970 2262 1047 2297 Hic
1066 2260 1190 2307 (nihil
1213 2261 1261 2296 ad
1283 2260 1459 2296 nostrum

97 2315 261 2361 quidem
280 2315 412 2353 locum
434 2321 618 2369 monens)
655 2324 764 2370 supra
787 2324 840 2368 (ᾗ.
859 2328 920 2364 ι5.
943 2321 1037 2354 inter
1059 2317 1175 2366 ipsos)
1195 2328 1240 2353 ut
1260 2327 1298 2353 et
1316 2323 1353 2361 82
1369 2316 1407 2358 52
1424 2328 1457 2352 1'·

99 2371 220 2407 refert
236 2372 388 2410 Vallam
422 2377 522 2421 (vid.
545 2376 682 2427 Elegg.
702 2393 741 2427 p.
765 2379 878 2424 604.)
913 2374 1117 2421 annmgaffffi
1146 2385 1316 2422 utroque
1337 2372 1458 2408 modo

97 2436 202 2464 recte
232 2428 312 2464 dici
334 2430 603 2470 Grammaticis
637 2437 734 2471 inter
762 2433 862 2484 ipsos
889 2443 928 2468 et
948 2434 1044 2467 inter
1060 2430 1116 2480 se.
1149 2431 1245 2466 adde
1267 2437 1304 2474 4,
1331 2441 1369 2470 2,
1395 2438 1456 2473 15.

94 2539 231 2581 „vultt
279 2545 511 2594 Indignatur
538 2547 632 2583 item
665 2547 746 2596 pri·
804 2551 954 2588 „tem.“
1000 2545 1159 2593 Regius.
1199 2545 1345 2580 Monet
1361 2544 1458 2591 Cap-

94 2597 224 2636 „Vatis
256 2606 298 2636 ac
322 2615 446 2651 prope
468 2605 578 2640 [occo
597 2605 758 2652 Digni&
805 2616 970 2652 perenn.
1017 2601 1246 2641 Ciceronem
1287 2600 1460 2648 aliquam

92 2654 358 2692 „carminibus
413 2662 563 2696 narrari
627 2674 745 2696 coena
805 2671 933 2694 tamen
991 2658 1180 2705 „tragicas
1229 2670 1289 2693 res
1338 2667 1460 2705 paene

97 2707 331 2753 'fn-lwestae„
364 2716 541 2765 'Singula
570 2731 744 2767 quaeque
804 2715 984 2756 „comice
1018 2714 1235 2749 u=actandi‘⁶
1264 2713 1457 2748 rationem

98 2750 258 2792 ”locum
282 2773 383 2800 ²²²²²
389 2783 431 2807 nt
453 2773 585 2810 sortita
608 2775 744 2813 decen·
804 2771 976 2807 tribuere
1011 2770 1181 2811 Caesari,
1223 2776 1337 2811 quffll
1365 2761 1457 2798 sack

917 2830 935 2854 Ῐ
970 2837 989 2854 a
