1696 3016
262 209 329 259 44
571 198 645 245 Μ.
688 200 821 245 FAss.
869 201 1277 260 QUINTILIANI

262 317 474 371 t-imdcho
492 323 571 371 vis
592 332 642 369 et
662 320 903 386 gravitas,
923 333 973 370 et
994 325 1211 372 minime
1235 326 1451 390 vulgare
1473 327 1581 375 elo-

262 398 460 462 quendi
506 414 668 461 genus
712 398 866 471 habet
897 399 1120 447 laudem.
1209 399 1668 464 Sed'quatnvisss95

261 474 314 521 ei
362 471 605 521 secundas
646 471 754 520 fere
802 470 1264 524 Grammaticorum
1306 474 1582 525 consensus

263 546 487 606 deferat;
535 558 585 595 et
621 544 911 606 affectibus,
950 559 1000 596 et
1021 549 1366 608 jucunditate,
1408 561 1458 598 et
1478 550 1583 600 dis-

261 622 546 695 pofflione,
587 633 637 669 et
667 624 885 671 omnino
921 634 1026 670 arte
1046 622 1309 681 deficitur,
1345 635 1407 672 ut
1426 627 1582 692 plane

261 695 533 747 manifesto
576 708 844 761 appareat,
899 709 1094 762 quanto
1138 699 1199 748 fit
1235 698 1379 747 aliud.
1408 702 1583 763 proxi-

187 789 239 827 54
262 789 412 820 mum
457 769 579 828 effe,
635 772 780 820 aliud
818 771 1119 822 secundum.
1218 771 1476 844 Panyafin
1521 791 1584 823 ex

262 859 489 911 utroque
522 847 745 895 mixtum
773 858 961 911 putant
988 850 1046 896 in
1077 849 1400 912 eloquendo,
1453 851 1584 898 neii-

214 959 217 963 -
262 924 504 987 triusque
537 939 754 986 aequare
786 923 1034 971 virtutes:
1073 925 1293 972 alterum
1329 935 1499 972 tamen
1520 924 1582 973 ab

263 1077 302 1121 (a
326 1074 392 1108 sec.
415 1069 497 1120 m.)
515 1070 640 1106 Guelf.
667 1070 781 1106 Goth.
805 1071 900 1108 Jens.
927 1073 1012 1113 (tac.
1034 1073 1162 1119 Gesn.)
1194 1074 1366 1109 mediocri
1388 1087 1472 1109 cum
1496 1075 1581 1111 edd.

264 1137 353 1163 ante
382 1127 488 1163 Bam.
526 1127 571 1162 cf.
604 1129 637 1172 §.
660 1133 724 1170 80.
756 1127 825 1162 ubi
860 1127 1032 1162 mediocri
1060 1128 1161 1164 Flor.
1194 1128 1242 1174 (a
1265 1130 1332 1165 sec,
1353 1131 1432 1174 m.)
1463 1130 1581 1167 Goth.

263 1184 364 1222 Voff.
396 1197 429 1218 1.
462 1191 498 1225 5.
527 1181 607 1216 soli.

323 1247 385 1282 55.
413 1237 621 1285 secundum.

264 1306 350 1330 cum
371 1292 470 1328 Alm.

322 1357 385 1392 54.
416 1349 653 1395 neutriusque.
713 1347 774 1382 Sic
802 1347 930 1381 Turio.
960 1347 1061 1383 Flor.
1095 1349 1224 1397 Camp.
1257 1350 1498 1397 (quanquam
1521 1349 1588 1385 hio

263 1418 309 1440 ne
340 1404 550 1450 utriusque)
590 1414 676 1436 cum
706 1401 789 1436 Ald.
848 1403 996 1437 Primus
1025 1416 1043 1436 a
1076 1403 1143 1438 sec.
1172 1417 1223 1438 m.
1260 1404 1459 1451 ascriptum
1478 1404 1586 1451 supra

264 1460 382 1494 habet
406 1471 478 1492 una
493 1469 590 1504 pars.
647 1456 806 1503 Reliqui
826 1457 1010 1492 omittunt
1031 1458 1266 1498 encliticam3
1297 1468 1334 1494 et
1354 1459 1585 1494 recentiores

263 1514 438 1562 plerique
467 1511 680 1559 virgulam,
718 1524 831 1560 quam
862 1524 932 1559 ego
962 1512 1044 1560 post
1076 1513 1297 1561 eloquendo,
1344 1514 1427 1562 post
1453 1521 1586 1561 putant·

266 1568 460 1605 exhibent.

691 1236 820 1271 Turio.
856 1235 956 1272 Flor.
991 1238 1084 1281 (hio
1125 1252 1145 1273 a
1181 1252 1238 1287 pr.
1280 1239 1364 1285 m.)
1403 1240 1587 1275 omittunt

324 1697 386 1735 55.
407 1689 585 1738 secundas
612 1708 666 1718 —-
687 1688 895 1740 secundum.

267 1747 364 1783 Cum
386 1744 563 1794 secundas
591 1759 610 1780 a
634 1747 898 1782 Grammaticis

265 1799 478 1838 fere‘tuliss'e
490 1801 628 1835 dicitur
639 1802 898 1843 Antimachus,

265 1855 513 1902 neminitnifi
542 1857 714 1892 Homero
749 1870 899 1904 compa-

265 1922 367 1947 ratus
400 1911 469 1945 ess'e
489 1912 677 1958 putandus
698 1912 756 1947 est.
816 1913 899 1947 Nec

268 1965 376 2002 aliter
398 1964 634 2013 intelligetur
656 1965 721 2001 illa
741 1968 900 2014 proximi

267 2032 306 2057 et
326 2021 477 2070 secundi
511 2020 743 2063 differentia,
787 2034 900 2069 quam

264 2088 309 2111 ut
334 2077 522 2124 proximus
550 2077 593 2110 fit
611 2077 712 2110 inter
731 2090 843 2124 quem
865 2086 901 2111 et

265 2133 436 2180 primum
455 2129 557 2165 nihil
578 2131 740 2172 interest,
771 2142 899 2180 quam-

265 2188 326 2221 vis
357 2186 475 2232 longo
504 2186 818 2222 inde'intervallo
844 2186 900 2221 di-

265 2244 445 2289 remtum,
463 2239 641 2288 secundas
664 2241 733 2288 qui
754 2242 902 2277 nonnifi

267 2307 389 2332 unum
429 2295 585 2342 gradum
625 2296 813 2332 descendit
857 2296 902 2331 ab

267 2351 374 2388 illius
403 2350 634 2397 praestantia.
703 2352 789 2386 Hoc
820 2350 903 2386 Ges-

269 2418 383 2442 nerus
414 2405 545 2439 docuit
571 2406 799 2441 advocandis
819 2418 903 2440 ver·

269 2461 329 2497 bis
369 2456 544 2494 Horatii:
603 2461 733 2500 „Jovi
763 2460 820 2495 nil
852 2468 904 2487 -’-

270 2516 406 2562 „viget
444 2513 561 2549 simile
603 2525 665 2549 aut
697 2514 904 2563 secundum,

271 2571 486 2619 „proximos
512 2567 572 2602 illi
601 2579 725 2604 tamen
749 2579 907 2618 occupa-

272 2625 359 2667 „vit
391 2623 510 2659 Pallas
543 2622 751 2659 honores.“
814 2625 907 2661 Non

277 2690 355 2716 erat
380 2679 499 2729 igitur
529 2677 643 2727 quare
669 2678 840 2715 haereret
867 2681 909 2716 in

955 1691 1043 1728 loco
1089 1702 1126 1727 et
1177 1691 1402 1727 contrariam
1450 1689 1588 1726 verbo-

955 1760 1040 1782 rum
1061 1748 1412 1794 interpretationem
1429 1756 1602 1795 tentaret*

957 1802 1286 1848 Schellenbergius
1325 1801 1348 1836 l.
1386 1814 1416 1837 c.
1447 1814 1485 1849 p.
1521 1807 1585 1844 58.

958 1866 1022 1904 59.
1081 1860 1178 1892 Rem
1200 1855 1354 1892 conficit
1371 1858 1498 1893 versus
1518 1867 1588 1890 no-

956 1913 1114 1948 tiffimus
1136 1910 1290 1958 Virgilii
1309 1913 1401 1946 Aen.
1427 1919 1470 1954 5,
1495 1919 1599 1952 520»

956 1967 1102 2014 „longo
1144 1966 1211 2000 ‘sed
1252 1968 1436 2012 proximus
1471 1965 1588 2000 inter-

956 2021 1129 2062 „vallo.“
1187 2019 1268 2056 Nec
1303 2022 1446 2066 majore
1476 2030 1588 2054 enco-

955 2077 1036 2111 mio
1066 2076 1275 2124 Virgilium
1313 2076 1428 2110 donat
1465 2073 1588 2110 noster

958 2135 992 2178 ᾗ.
1016 2131 1078 2175 86.
1110 2142 1146 2166 et
1174 2130 1270 2165 Plin.
1293 2132 1363 2179 Ep.
1387 2140 1432 2173 7,
1455 2140 1528 2170 20,
1553 2134 1586 2171 4.

960 2186 1142 2222 Secundae
1162 2186 1315 2237 poffunt
1334 2185 1415 2220 dari
1436 2186 1492 2226 ei,
1522 2184 1589 2232 qui

959 2255 1038 2277 non
1067 2243 1110 2277 fit
1131 2240 1320 2290 secundus,
1353 2241 1414 2275 sed
1444 2249 1590 2275 tantum

943 2299 1155 2346 'proximum
1217 2294 1332 2342 [Vid.
1365 2291 1599 2342 Addendm]

1019 2359 1080 2395 51²·
1127 2347 1327 2399 Panyasin,
1387 2347 1591 2384 Heracleae

961 2417 1176 2445 auctorem,
1229 2405 1273 2439 de
1302 2417 1378 2452 quo
1403 2405 1492 2439 vide
1519 2404 1591 2438 im-

959 2461 1096 2510 primis
1138 2460 1334 2507 Heynium
1375 2460 1418 2494 in
1459 2459 1589 2494 Indice

962 2525 1159 2551 auctorum
1229 2514 1274 2550 ab
1347 2513 1588 2562 Apollodoro

962 2570 1211 2605 laudatorum.
1271 2570 1312 2604 Si
1339 2570 1512 2616 quaeris,
1539 2576 1592 2603 *ex

963 2638 1034 2674 quo
1066 2625 1216 2660 tandem
1247 2635 1411 2670 utroque
1442 2624 1483 2658 in
1511 2623 1590 2658 elo-

964 2680 1117 2729 quendo
1144 2680 1308 2715 mixtum
1333 2679 1503 2727 putarint
1525 2690 1590 2714 ve-
