1676 3028
339 193 505 239 1Ns‘r.
542 171 822 247 ORATOR.
863 190 1118 246 un..x1‚
1156 202 1202 246 5.
1344 190 1439 249 367

10 335 304 378 xoowereor,
344 329 412 378 et‚‘
464 320 642 383 Turpe
663 313 770 390 sit,
805 326 874 376 et,
922 317 1136 365 Timere.
1216 320 1327 370 Jam
1366 315 1443 365 se·
1466 338 1519 381 ⁴9

58 449 67 454 ,
101 395 276 449 cunda
298 395 572 462 respiratio
596 394 845 444 increscat
870 403 1097 461 oportet,
1137 403 1189 442 et
1210 395 1444 446 naturali.

100 472 335 540 quodam
367 484 586 531 conatu,
621 489 730 537 quo
764 472 945 521 minus
976 469 1169 537 pavide
1194 470 1444 530 dicimus,

82 568 238 616 quae
274 549 601 615 sequuntur,
655 561 707 600 et
747 549 897 615 quod
928 547 1242 614 magnitudo
1276 550 1460 598 animi·

99 628 328 680 Milonis
352 626 662 686 ostenditur,
687 630 1003 692 Minimeque
1023 627 1216 684 deceat,
1237 623 1350 675 cum'
1382 627 1442 676 T.

100 705 310 756 Annius
329 700 440 777 ipse
463 708 636 774 magis
662 708 738 756 rei
750 701 988 769 publicae
1007 704 1071 751 de
1079 699 1277 775 salute,
1288 721 1446 766 quam

102 780 167 830 de
182 777 284 854 sua
303 780 649 846 perturbetur.
731 780 943 832 Deinde
972 780 1120 845 quasi
1143 781 1445 846 objurgatio

101 856 184 909 sui
199 857 287 916 est,
303 861 397 908 Me
418 860 492 908 ad
510 859 624 923 ejus.
639 854 847 930 causam
865 875 1049 923 parem
1071 861 1228 907 animi
1241 861 1445 928 magni-

23 961 25 963 ·
101 936 328 985 tudinem
358 930 560 1007 afferre
585 953 682 984 non
701 932 864 1008 poffe.
911 939 958 984 T
961 932 1055 984 uni
1079 935 1447 995 invidiofiora,
1468 959 1521 999 5⁰

111 1013 308 1062 Tamen
345 1010 470 1060 llaec
509 1014 633 1061 novi
656 1011 842 1075 judicii
878 1029 1019 1061 nova
1049 1008 1243 1080 forma
1288 1023 1449 1062 terret

102 1089 284 1139 oculos.
362 1089 457 1137 Illa
482 1105 613 1138 vero
640 1092 743 1150 jam
766 1105 932 1154 paene
956 1089 1162 1153 apertis,
1202 1099 1264 1138 ut
1286 1093 1449 1150 ajunt,

101 1165 266 1225 tibiis,
309 1165 429 1240 Qui,
468 1183 768 1232 quocunque
793 1166 1089 1224 inciderunt,
1128 1161 1449 1239 conficecudi-

104 1309 236 1356 Camp.
277 1307 441 1357 Reliqui
469 1309 568 1344 dum.
594 1308 644 1345 cf.
669 1321 732 1350 10,
756 1308 793 1349 6,
814 1318 851 1352 7.
881 1308 986 1343 Inter
1014 1309 1096 1343 viro
1128 1318 1166 1343 et
1194 1323 1304 1358 quam
1328 1308 1449 1346 Goth.

103 1362 195 1409 (tac.
208 1365 339 1412 Gesn.)
348 1365 482 1403 inserit
502 1367 621 1401 dicere
641 1378 727 1400 cum
742 1366 839 1404 Jens.
857 1375 895 1400 et
916 1363 1000 1399 edd.
1015 1364 1174 1413 posterr.
1199 1377 1284 1402 ante
1296 1366 1449 1415 Gryph-

103 1421 177 1458 Sed
211 1420 341 1457 Guelf.
371 1435 450 1457 cum
482 1423 631 1458 omittit
671 1433 758 1458 ante
784 1420 890 1471 Etsi,
926 1431 971 1456 ut
1008 1431 1046 1456 et
1072 1421 1170 1458 Jens.
1205 1426 1294 1466 (tac.
1319 1422 1450 1467 Gesn.)

102 1490 191 1526 eum
210 1475 296 1513 edd.
314 1478 472 1526 posterr-
497 1489 584 1514 ante
615 1477 703 1515 Ald.
729 1479 806 1514 ecc.
836 1477 975 1514 Badio.
1014 1478 1115 1512 Mox
1145 1478 1279 1528 Camp.
1310 1491 1384 1528 pro
1413 1487 1451 1514 et

106 1534 251 1572 Timere
276 1535 340 1570 dat
353 1536 467 1570 etiam
491 1535 533 1571 T.
668 1548 671 1550 ·

186 1619 253 1661 49.
294 1613 392 1662 quod
420 1615 654 1663 magnitudo.
695 1614 758 1651 Sic
793 1613 928 1651 Turio.
955 1611 1062 1650 Flor.
1087 1613 1224 1650 Ambr.
1248 1623 1286 1650 2.
1319 1613 1448 1651 Guelf.

103 1671 236 1718 Camp.
265 1683 353 1707 cum
384 1672 495 1707 Bern-
536 1671 698 1721 Reliqui
719 1685 790 1721 quo
821 1685 870 1708 m.
1133 1671 1379 1720 reipublicae
1401 1671 1449 1706 de

46 1728 58 1730 '⁷
98 1725 232 1777 salute.
269 1727 332 1762 Sic
364 1728 496 1763 Turio.
526 1727 631 1774 Floi‘.
681 1728 844 1776 Reliqui
866 1729 911 1763 de
930 1742 958 1765 r.
979 1742 1018 1777 p.
1035 1726 1069 1776 s
1092 1741 1181 1763 cum
1211 1728 1290 1764 Cic.
1318 1728 1448 1765 libris.

104 1783 181 1819 Sed
199 1783 322 1819 iidem
343 1784 462 1819 modo
488 1785 619 1829 majus.
660 1786 760 1820 Mox
782 1794 925 1832 partem
942 1795 980 1820 et
1001 1783 1188 1832 invidiosa
1209 1797 1275 1819 ora
1298 1784 1403 1820 Flor.

188 1869 257 1907 50.
287 1852 506 1904 inciderunt,
552 1861 863 1912 consuetudinem.
922 1862 986 1898 Sic
1016 1863 1151 1899 Turio.
1180 1861 1287 1899 Flor.
1319 1861 1451 1902 Guelf.

164 2001 230 2044 49.
259 2007 331 2043 quo
363 1995 483 2029 minus
502 1995 638 2042 pauide
659 1994 751 2029 dici-

109 2064 199 2088 mus.
257 2052 423 2088 Dictum
455 2050 503 2093 est
527 2065 599 2101 quo
631 2054 751 2087 minus

806 1993 903 2030 Inde
923 1995 974 2031 est
993 1996 1100 2044 quod
1119 1995 1302 2032 Rollinus
1319 2006 1359 2035 <et
1369 1997 1454 2045 post

807 2061 957 2100 oportet
992 2053 1273 2101 supervacuum
1315 2054 1454 2094 censet,

106 2121 181 2158 pro
216 2109 304 2159 quin
332 2110 449 2143 minus
478 2107 547 2152 (fic
566 2122 609 2144 eo
633 2110 751 2143 minus

102 2171 149 2210 ’8,
176 2174 215 2209 5,
242 2165 340 2210 15.),
374 2177 456 2200 non
485 2174 526 2199 ut
547 2178 590 2201 eo
612 2166 750 2204 minas,-

108 2221 171 2257 sed
198 2221 277 2257 hoc
304 2220 416 2257 facile
437 2220 670 2270 intelligitur
690 2221 750 2256 in-

110 2278 302 2317 dicativo,
362 2290 443 2314 non
482 2278 750 2325 conjunctivo,

107 2335 292 2381 subjecto.
336 2335 477 2370 Parum
519 2345 646 2370 tamen
673 2334 752 2369 hoc

106 2391 353 2427 attenderunt
373 2391 444 2439 qui
461 2403 556 2426 mox
572 2391 653 2427 fere
667 2403 752 2426 om-

106 2459 175 2483 nes
203 2460 302 2495 „quo
323 2447 555 2496 magnitudo
565 2466 622 2475 —
633 2447 753 2483 osten-

106 2503 272 2546 „ditur“
310 2516 452 2539 verum
492 2505 754 2542 crediderunt,

107 2573 180 2610 quo
200 2572 421 2610 pronomen
443 2559 663 2600 relativum,
679 2559 752 2595 nisi

108 2615 247 2658 fauor,
283 2617 603 2666 interpretantes,
644 2615 752 2667 quod

110 2671 320 2709 referretur
354 2674 402 2708 ad
439 2681 642 2716 ‚,conatu“‚
689 2687 752 2709 eo-

112 2726 276 2778 demque
308 2730 499 2769 trahentes
530 2731 642 2783 prius
665 2744 750 2782 quo·

806 2110 879 2146 nisi
897 2108 997 2145 forte
1015 2109 1207 2157 significet
1226 2111 1359 2150 etiam,·
1386 2110 1454 2148 cui

806 2164 910 2201 nihil
971 2167 1137 2215 opponit
1188 2168 1452 2205 Burmannus.

807 2222 883 2259 Sed
916 2222 1122 2272 respondet
1152 2232 1189 2258 et
1224 2222 1303 2258 hoc
1338 2222 1452 2259 alteri

809 2289 896 2314 ante
947 2279 1047 2329 quod
1063 2305 1074 2319 ,
1133 2279 1317 2315 sententia
1359 2279 1450 2315 tali:

808 2335 923 2375 „Non
946 2334 1071 2383 solum
1092 2334 1260 2372 naturali
1282 2335 1454 2385 quodam

808 2403 991 2434 „ct-matu,
1008 2392 1098 2441 quia
1110 2392 1304 2442 sequentia
1320 2391 1454 2429 minu·

809 2450 978 2497 „pavide
1021 2449 1213 2490 dicimus,
1270 2449 1455 2486 increscat

810 2515 996 2553 „oportet
1030 2507 1199 2543 :fecunda
1231 2505 1454 2555 respiratio,

806 2559 916 2612 ”sssf
939 2555 1070 2598 εἰῑιίιιη7
1094 2573 1300 2612 propterea
1343 2557 1453 2611 qutid

807 2618 1064 2666 „magnitudo
1116 2619 1238 2655 animi
1280 2618 1452 2658 Milonis

805 2675 1089 2715 ‚‚0stenditur.“
1300 2681 1304 2685 ’

865 2739 932 2776 50·
962 2733 1290 2783 apertis—tibiis.
1332 2731 1454 2771 Nihil
