1676 3028
284 191 450 239 ms‘r..
485 189 764 238 onnon.
800 181 922 234 Lm.
958 181 1070 242 xn,
1097 179 1151 238 ’5.
1290 177 1411 242 5η

53 309 180 374 tero.
199 319 498 386 petiturus?
536 333 700 385 paene
730 332 842 365 non
875 312 1127 365 diffimilis
1157 310 1249 368 iis,
1290 310 1385 375 qui

52 402 326 468 poetarum
371 394 557 461 scripta
608 394 978 462 pronunciant.
1064 390 1206 438 Nam
1249 397 1450 454 quo-⁴2

3 504 9 517 ν
54 472 344 526 dammodo
376 472 622 523 mandata
653 469 907 538 perferet,
944 478 996 518 et
1019 483 1095 524 ea,
1135 481 1270 532 quae
1293 462 1396 512 sibi

55 569 86 601 a
123 550 301 614 judice
346 549 490 599 credi
522 549 883 616 postulaturus
931 543 1028 602 est,
1070 546 1237 592 aliena
1284 540 1398 590 fide

56 627 222 678 dicet:
303 638 355 676 et
388 626 497 694 ipse
531 628 860 693 litigantium
904 623 1184 673 auxiliator
1222 620 1398 686 egebit

59 706 275 755 auxilio.
332 704 494 773 Quod
526 715 586 753 ut
610 703 731 754 fieri
761 716 1151 767 nonnunquam
1187 699 1399 747 minore

30 781 406 832 incommodo
447 781 624 849 possit‚
680 797 803 831 cum
846 779 995 829 dorni
1038 786 1311 844 praecepta
1351 781 1404 821 et

68 856 371 925 composita,
391 870 443 907 et
470 858 605 909 sicut
638 871 820 917 cetera,
849 873 986 923 quae
1011 856 1071 904 in
1094 851 1244 903 causa
1266 850 1406 909 sunt,

182 1035 221 1062 2.
251 1024 470 1061 Turicenfis
501 1039 576 1061 non
603 1025 695 1062 dans
724 1037 797 1074 pro
830 1025 927 1061 Nam
957 1021 1189 1059 auctoritate
1230 1020 1291 1055 sua
1321 1031 1410 1067 pae-

67 1097 116 1121 ne
144 1081 337 1134 persuasit.
399 1082 471 1117 Sed
513 1081 641 1130 aptius
681 1093 808 1117 tamen
844 1080 1054 1116 videbatur
1083 1078 1228 1113 causam
1259 1075 1411 1120 subjici,

68 1152 187 1191 quate
219 1148 296 1173 tam
329 1137 466 1173 similis
507 1137 596 1173 effet
630 1148 816 1187 patronus
847 1137 945 1184 juris
977 1133 1107 1171 civilis
1146 1132 1303 1181 ignarus
1346 1143 1413 1166 co·

71 1195 216 1234 moedo
257 1192 380 1230 aliena
417 1194 706 1243 pronuncianti.
775 1193 954 1242 perferret
995 1191 1127 1227 Turic-
1167 1188 1272 1225 flor.
1313 1187 1414 1227 Jenr.

75 1254 165 1298 (tac.
196 1250 325 1296 Getn.)
356 1264 388 1286 c.
418 1251 521 1286 Voss'.
562 1264 597 1286 1.
623 1260 659 1294 3.
701 1251 854 1301 perfert,
886 1250 1019 1285 omiffa
1050 1246 1188 1295 copula
1212 1255 1257 1286 et,
1280 1247 1415 1292 Camp-

78 1317 116 1344 σε
151 1321 196 1343 ea
234 1317 311 1342 om.
350 1307 467 1342 Tarv.
506 1307 602 1342 Loc.
641 1309 739 1344 Ven.
771 1307 879 1342 Rufe.
926 1305 999 1341 Sed
1030 1303 1127 1343 Jens.
1158 1316 1230 1351 pro
1260 1302 1322 1337 his
1355 1302 1420 1335 dat

81 1376 210 1415 eaque.
271 1362 469 1411 quodquod
497 1371 538 1397 ut
560 1361 654 1410 sieri
682 1362 813 1398 Turic.
847 1375 917 1396 nec
956 1360 1068 1397 aliter
1096 1358 1199 1394 Alm.
1240 1355 1420 1404 (errante

80 1420 125 1456 in
155 1418 388 1467 compendio
416 1419 586 1462 Burm.).
645 1420 743 1468 quod
771 1428 893 1454 autem
906 1416 1000 1466 fieri
1029 1415 1155 1452 Guels.
1178 1426 1266 1449 curn
1293 1425 1417 1461 marg.

78 1474 193 1512 Bam.
251 1474 352 1525 Quid
391 1474 488 1522 quod
521 1475 613 1523 fieri
654 1477 786 1524 Camp.
819 1488 850 1510 c.
886 1474 998 1510 Bodl.
1032 1472 1232 1508 Andreana
1264 1482 1302 1507 et
1331 1469 1419 1506 edd.

81 1542 167 1567 ante
198 1529 287 1567 Ald.
317 1529 386 1578 qui
415 1530 582 1580 Quodsi
609 1531 708 1579 fieri.
771 1531 846 1567 Sed
884 1530 994 1582 Quod
1033 1538 1075 1564 ut
1103 1526 1203 1575 ferri
1243 1526 1344 1564 Voss'.
1387 1539 1422 1561 1.

82 1588 184 1625 Mox
211 1583 359 1635 poffunt
388 1586 519 1634 Camp.
552 1588 621 1635 qui
649 1598 686 1623 et
714 1596 901 1636 percepta.
963 1595 1002 1622 et
1031 1585 1089 1634 fit
1126 1594 1164 1619 ut
1203 1593 1301 1618 cerea
1330 1595 1424 1631 quae

83 1642 216 1680 Turio.
245 1641 348 1678 Flor.
379 1651 417 1677 et
447 1651 487 1678 ue
510 1642 566 1692 fit
594 1653 694 1679 certa
723 1657 757 1693 q.
790 1645 922 1692 Camp.
983 1645 1028 1678 In
1069 1639 1227 1689 vulgata
1256 1638 1354 1689 sicut
1385 1647 1424 1674 ee:

85 1708 347 1749 transponunt
395 1700 518 1736 Stoer.
568 1699 733 1737 Chouet.
783 1701 894 1737 Leid.
940 1699 1044 1735 Gibt.
1084 1698 1219 1734 Burm.
1262 1697 1427 1745 Capper.

89 1756 190 1793 Cum
219 1756 263 1790 in
291 1754 455 1790 minutis
485 1755 592 1792 hisce
621 1755 790 1804 plurima
821 1756 973 1792 turbata
1002 1754 1094 1793 lint.
1135 1763 1278 1789 rectam
1306 1753 1428 1787 ratio-

30 1817 34 1820 “
88 1825 180 1848 nem
210 1811 366 1847 servass'e
397 1810 557 1847 videtur
584 1811 802 1861 Campanus
844 1815 920 1855 (et,
962 1822 1001 1846 ut
1024 1811 1100 1858 fit,
1142 1818 1241 1844 certa
1270 1821 1363 1857 quae
1389 1809 1428 1842 in

90 1883 120 1905 c.
143 1867 214 1918 s.)-
273 1867 358 1914 Qua
396 1866 580 1916 [criptura
621 1868 776 1903 admiffa
807 1867 1012 1917 participia
1038 1866 1104 1901 ista
1135 1865 1186 1900 sat
1214 1864 1428 1903 numerosa,

91 1935 138 1960 ut
173 1933 390 1974 praecepta,
431 1923 656 1973 compofita‚
701 1926 798 1961 sicut
838 1934 875 1959 et
907 1936 1004 1959 mox
1042 1931 1158 1960 certa,
1190 1921 1442 1970 accipiantur⁴

92 1993 166 2030 pro
196 1979 426 2016 nominibus
455 1980 709 2022 substantivis,
741 1981 890 2029 cognita
920 1990 1058 2019 autem,
1087 1989 1268 2026 tanquam
1290 1989 1445 2012 verum-

94 2037 362 2087 participiuxm
395 2035 611 2086 applicetur
639 2037 704 2072 illi
731 2046 839 2073 certa.
901 2036 1043 2078 „Fieri
1083 2033 1203 2083 potest
1243 2034 1322 2069 sine
1352 2045 1432 2068 ma-

97 2106 203 2143 9‚gno
233 2093 510 2133 incommodo„
547 2103 591 2128 ut
621 2091 766 2135 aliena,
796 2093 943 2140 sibique
974 2092 1130 2127 aliunde
1161 2090 1311 2131 tradita,
1341 2102 1435 2139 pro·

98 2150 287 2192 „nunciet
311 2160 442 2186 orator
471 2160 659 2199 quatenus
690 2163 787 2200 quae
817 2164 837 2186 a
857 2148 1055 2197 litigatore
1084 2148 1194 2184 domi
1213 2149 1439 2197 praecepta'‘

103 2271 335 2321 Sulpicium,
367 2274 504 2310 orandi
530 2274 612 2323 post
636 2275 743 2312 Cice·
800 2275 976 2310 nunciant
994 2273 1021 2308 i.
1044 2272 1268 2313 histriones,
1302 2284 1441 2320 operae

103 2341 241 2364 renem
291 2331 528 2379 principem,
595 2343 743 2375 narrat,
801 2330 921 2366 modo
951 2330 1141 2370 scenicae,
1193 2341 1272 2363 non
1304 2341 1441 2364 eorum

108 2385 284 2420 consulto
333 2399 352 2420 a
390 2388 423 2422 [a
460 2387 665 2437 aliquoties
699 2389 745 2424 de
803 2400 898 2435 quae
923 2386 1058 2421 dicunt
1082 2395 1257 2421 auctores
1277 2385 1359 2434 ipsi.
1389 2387 1442 2420 Ita

106 2440 194 2489 jure
225 2443 270 2489 Q.
306 2443 442 2479 Mucio
472 2455 509 2480 et
531 2459 668 2494 parum
690 2446 748 2480 in-
803 2443 866 2478 his
895 2443 1018 2479 aliena
1042 2440 1185 2491 scripta
1214 2441 1354 2478 tribuit
1373 2454 1444 2478 no·

109 2495 279 2539 tellecto,
312 2499 449 2536 deinde
481 2501 526 2537 ab
561 2501 637 2537 hoc
665 2501 747 2550 ipso
805 2499 874 2534 ster
896 2499 932 2537 6,
955 2508 990 2539 2,
1016 2506 1080 2543 55.

111 2564 271 2602 propter
287 2555 545 2604 ignorantiam
558 2557 654 2604 juris
667 2570 750 2592 cor·
867 2564 902 2590 2.
936 2555 1056 2602 egebit
1082 2555 1234 2590 auxilio.
1293 2552 1446 2590 Similia

116 2619 290 2658 reptum,
321 2623 448 2648 totum
473 2614 506 2648 se
532 2614 613 2661 juri
639 2612 753 2650 civili
809 2611 926 2647 habes
945 2611 982 2651 6,
1002 2616 1039 2657 4,
1059 2610 1097 2646 6.
1121 2620 1157 2653 7.
1182 2610 1263 2651 ubi,
1288 2622 1332 2648 ιιι
1349 2623 1447 2646 mox

119 2663 293 2704 discendo
315 2669 520 2706 tradidisse.
811 2667 877 2704 hic
896 2678 1068 2716 quoque,
1101 2668 1264 2703 minores.

174 2725 239 2771 qui
277 2732 468 2774 poetarum
497 2726 640 2777 scripta
666 2739 753 2777 pro·
897 2738 976 2760 cum
1005 2724 1111 2760 domi
1129 2742 1186 2753 -
1213 2725 1264 2760 ad
1290 2725 1453 2770 judicem
