1676 3028
301 249 305 253 ’
321 265 416 313 142
628 257 702 301 Μ.
740 258 870 302 FAB.
910 258 1320 317 QUINTILIANI

316 379 647 445 indulgentia
698 382 788 429 illa
847 398 959 430 non
999 379 1154 429 fallat.
1269 385 1455 433 Omnia
1494 387 1638 434 enim

316 454 505 513 nostra,
553 456 683 505 dum
715 455 1012 512 nascuntur,
1051 457 1282 520 placent:
1323 461 1522 524 alioqui
1542 478 1638 509 nec

315 528 674 579 scriberentur.
755 531 854 579 Sed
878 531 1148 580 redeamus
1182 532 1547 594 adjudicium,
1582 546 1638 600 ¹et

269 614 649 654 &retractemus
682 605 964 671 suspectam
998 605 1307 670 facilitatem.
1406 611 1487 660 Sic
1518 609 1640 659 scri-

309 678 456 745 pfiffe
489 680 792 729 Sallustium
836 682 1159 745 accepimus:
1232 694 1284 730 et
1322 681 1441 732 sane
1471 687 1638 734 mani·-

307 753 468 804 festus
502 755 575 803 est
606 758 762 806 etiam
798 773 860 804 ex
894 772 1052 820 opere
1082 755 1193 822 ipso
1225 758 1384 807 labor.
1470 762 1639 824 Virgi-

309 830 445 879 lium
507 848 723 900 quoque
781 831 1100 898 pauciffimos
1153 831 1239 880 die
1299 833 1637 898 composuisse

267 927 291 965 9
316 905 519 964 versus,
563 917 742 957 auctor
780 906 853 956 est
889 909 1070 957 Varus.
1160 909 1390 958 Oratoris
1421 909 1638 974 quidem

309 1038 400 1072 Stat.
434 1037 557 1073 Theb.
583 1047 620 1081 5,
654 1049 719 1085 29.
742 1038 840 1086 ferri
869 1049 906 1074 et
924 1038 1015 1084 fieri
1044 1048 1298 1077 commutata,
1327 1028 1475 1087 P'raeter
1502 1040 1636 1074 Burm-

306 1090 373 1127 hic
409 1106 429 1127 ο
454 1092 620 1129 Victorii
638 1094 722 1131 VV.
747 1095 827 1129 LL.
865 1103 939 1133 22,
973 1103 1016 1137 7,
1049 1095 1160 1128 docet
1185 1092 1380 1128 Drakenb.
1413 1094 1459 1129 ad
1488 1094 1577 1131 Liv.
1598 1101 1634 1138 5.

305 1152 372 1189 54,
407 1148 443 1183 6.
474 1148 595 1183 Modo
611 1149 757 1195 flautus
777 1149 905 1184 Turic-
936 1163 955 1184 a
989 1162 1047 1197 pr.
1078 1161 1206 1189 manu,
1237 1158 1274 1184 et
1297 1147 1411 1195 fletus
1432 1149 1539 1185 Rusc-
1565 1161 1635 1198 per

305 1214 488 1238 errorem.

393 1264 429 1302 8.
461 1259 518 1292 Sic
528 1257 718 1308 scripfiffe.
751 1259 882 1294 Turic.
905 1258 1005 1294 Flor.
1036 1259 1117 1303 (hic
1140 1272 1159 1293 a
1179 1273 1236 1308 pr.
1258 1259 1328 1303 m.)
1340 1257 1452 1308 sedfi

386 1315 595 1360 accepimus.
626 1315 754 1350 Turio.
787 1328 1015 1362 accepemus,
1044 1329 1063 1349 a
1083 1315 1149 1350 sec.
1171 1328 1222 1352 m.
1260 1323 1490 1361 acceptemus.
1518 1315 1622 1352 Flor.

300 1370 339 1412 (a
360 1381 417 1416 pr.
438 1370 511 1414 m.)
539 1371 743 1414 accipimus.
779 1383 783 1388 “
975 1370 1090 1405 labor.
1130 1370 1261 1406 Turic.
1294 1369 1396 1405 Flor.
1425 1369 1514 1413 (hic
1533 1383 1551 1405 a
1573 1384 1632 1420 pr.

299 1423 373 1471 m.)
403 1424 539 1459 labore.
570 1423 639 1458 Ille
661 1438 679 1459 a
698 1426 767 1461 sec.
792 1439 843 1460 m.
865 1426 1078 1473 praemittit
1101 1434 1146 1459 ec.
1370 1425 1499 1460 Varus.
1527 1425 1629 1462 Flor.

301 1480 339 1524 (a
362 1492 422 1527 pr.
444 1477 518 1526 m.)
555 1478 680 1514 Guelf.
710 1482 832 1516 variis.
862 1481 908 1516 cf.
931 1481 966 1520 6,
999 1489 1036 1522 5,
1070 1486 1133 1523 78.
1165 1489 1202 1514 et
1221 1491 1394 1528 prooem.
1413 1479 1524 1518 nostr.
1551 1482 1632 1520 Vo-

355 1575 409 1633 3.Ι
429 1590 627 1638 Virgilium
649 1608 701 1616 —
729 1589 857 1624 Varus.
891 1591 937 1626 cf.
995 1603 1062 1630 eo,
1116 1589 1221 1636 quod
1277 1587 1631 1625 Pseudo-Donatus

294 1655 375 1680 not.
399 1645 482 1680 crit.
521 1644 795 1691 Cognoseimus
816 1645 938 1693 igitur
993 1645 1125 1694 prodit
1144 1645 1186 1678 in
1213 1644 1292 1679 vita
1315 1651 1470 1692 poetae:
1502 1645 1630 1685 „Cum

292 1692 464 1747 ‘aliquem
497 1713 543 1734 ex
571 1700 632 1739 iis,
667 1712 764 1747 quos
787 1700 936 1735 Gellius
992 1700 1207 1747 „Georgica
1238 1699 1434 1740 scriberet,
1466 1699 1630 1736 traditur

291 1755 409 1790 refert
452 1755 595 1789 amicos
650 1753 935 1804 familiaresque
991 1755 1196 1802 „quotidie
1258 1754 1460 1789 meditatos
1518 1767 1628 1790 mane

291 1812 331 1846 P.
357 1809 522 1857 Virgilii
554 1810 599 1844 de
632 1809 792 1858 ingenio
815 1812 935 1846 mori·
991 1810 1208 1858 „plurimos
1227 1809 1355 1844 versus
1378 1809 1519 1845 dictare
1538 1810 1626 1844 soli-

290 1865 439 1913 busque
470 1866 551 1910 ejus
579 1866 789 1900 memoriae
820 1879 930 1914 quae-
983 1875 1094 1907 ,‚tus,
1126 1877 1166 1898 ac
1195 1877 1264 1913 per
1285 1875 1409 1899 totum
1442 1864 1542 1899 diem
1568 1878 1626 1900 re-

290 1921 376 1955 dam
415 1920 634 1968 prodidiffe.
694 1921 730 1955 Ii
775 1922 928 1961 „dicere
984 1919 1204 1961 „tractando
1222 1919 1268 1953 ad
1283 1918 1525 1966 paucissimos
1539 1920 1624 1954 red-

287 1975 470 2017 „solitum
511 1976 665 2014 ferunt,
723 1989 854 2023 parere
894 1977 928 2011 fe
983 1975 1134 2022 „igere‚
1164 1987 1243 2008 non
1283 1973 1438 2008 absurde
1467 1987 1624 2009 carmen

286 2032 442 2071 „versus
471 2043 578 2066 more
612 2041 723 2078 atque
754 2032 834 2073 ritu
865 2045 928 2067 ur·
983 2030 1044 2070 „se
1066 2031 1166 2063 ursae
1188 2042 1297 2064 more
1326 2041 1457 2076 parere
1477 2029 1620 2069 dicens,

284 2086 407 2127 „sina
440 2099 617 2134 namque,
652 2097 694 2121 ut
725 2085 791 2120 illa
813 2086 927 2122 bestia
982 2095 1049 2125 „et
1080 2084 1282 2119 lambendo
1325 2084 1480 2118 demum
1518 2083 1621 2119 effin-

283 2141 434 2183 „fetum
493 2141 621 2176 ederet
676 2140 928 2188 ineffigiatum
984 2145 1142 2187 ‚,gere.“

283 2196 614 2243 ‚,informemqne‚
645 2195 926 2243 lambendoque
1041 2197 1100 2229 die
1151 2192 1397 2244 composuiſj‘e.
1453 2194 1620 2235 „Rarior

280 2251 349 2293 „id
373 2252 511 2299 postea,
543 2252 647 2299 quod
670 2253 723 2286 ita
743 2252 926 2292 edidiffet,
980 2249 1155 2291 „locutio
1175 2262 1247 2297 pro
1269 2252 1306 2284 in
1326 2251 1396 2287 die.
1415 2259 1457 2284 ut
1467 2251 1618 2284 Petron.

279 2307 566 2347 „conformaret
631 2317 668 2341 et
729 2307 923 2354 fingerem
981 2319 1088 2353 ,‚cap.
1109 2312 1173 2349 44.
1205 2303 1401 2351 loquitur:
1434 2314 1471 2339 et
1497 2304 1551 2338 ita
1573 2304 1618 2339 de

279 2362 469 2408 „proinde
502 2362 651 2408 ingenii
682 2374 837 2409 quoque
867 2363 924 2397 sui
979 2360 1162 2400 „Lucilio
1182 2361 1316 2394 Horat.
1348 2361 1617 2406 Serui-1549·

278 2427 436 2462 „partus
466 2427 635 2452 recentes
667 2417 757 2452 rudi
778 2417 848 2451 effe
870 2418 922 2452 fa·
979 2418 1046 2455 „in
1077 2416 1168 2450 hora
1208 2414 1324 2462 saepe
1359 2413 1534 2448 ducentos
1562 2432 1616 2443 —-

278 2472 363 2513 „eie
390 2483 426 2506 et
449 2472 690 2519 imperfecta:
723 2473 783 2507 sed
815 2472 921 2507 dein·
978 2469 1123 2518 „versus
1174 2469 1375 2504 dictabat.“
1431 2465 1613 2503 Emittan-

275 2538 388 2573 ,‚eeps
440 2528 632 2562 tractando
678 2526 918 2574 colendoque
975 2539 1060 2561 nus.
1079 2527 1139 2559 An
1160 2537 1390 2573 reponemus
1413 2521 1612 2572 quotidie?

274 2581 458 2623 „reddere
490 2582 539 2616 iis
570 2583 602 2616 se
626 2583 703 2618 oris
729 2593 766 2618 et
785 2581 916 2618 vultus
975 2581 1182 2620 Gesnerus,
1214 2590 1255 2614 ut
1281 2591 1328 2613 ex
1350 2579 1477 2614 indice
1498 2590 1609 2625 appa·

272 2635 564 2677 „lineamenta.“
597 2638 646 2673 N.
668 2638 713 2671 A.
751 2647 810 2680 17,
848 2649 909 2673 10.
972 2647 1050 2675 ret,
1079 2648 1222 2684 quoque
1251 2631 1503 2681 (prenomen)
1547 2634 1607 2667 die

269 2694 323 2726 Ita
349 2691 552 2726 lambendo
572 2693 772 2739 pauciores
789 2693 908 2726 factos
966 2691 1118 2736 junxit.
1176 2689 1282 2737 quod
1321 2689 1479 2736 quidem
1523 2699 1605 2724 non

269 2746 339 2780 ess'e
363 2747 487 2781 versus
503 2757 604 2781 recte
628 2747 836 2794 conjicitur
861 2759 908 2782 ex
965 2745 1099 2794 placet.
