1676 3028
324 201 389 265 76
632 203 708 250 Μ.
750 196 882 251 ΕΑΒ.
928 203 1335 281 QmNTILIANJ

325 326 519 377 donato
538 328 777 393 imperio,
815 328 1023 388 iuvenis
1035 327 1312 388 secesserat,
1350 329 1639 389 sublimiuS,

325 402 531 452 doctius
555 440 570 460 ‚
629 404 876 453 omnibus
937 403 1166 468 denique
1212 407 1446 454 numeris
1496 423 1641 470 prae-

325 477 575 527 stantius?
651 478 782 546 Quis
795 516 809 522 ..
822 479 962 526 enim
1009 490 1213 527 caneret
1245 481 1380 528 bella
1421 482 1640 538 meiius,

325 569 484 617 quam
547 554 642 616 qui
709 552 775 600 [ic
828 556 960 618 gerit
982 555 1005 601 2
1077 556 1246 621 Quer'n
1303 554 1640 620 praefidentes

324 628 511 677 studiis
537 628 660 675 deae
680 630 900 693 propius
923 628 1196 678 audirent?
1227 631 1330 679 Cui
1351 632 1511 695 magis
1528 630 1643 680 suas·

323 714 454 752 artes
507 704 728 769 aperiret
787 701 1041 751 familiare
1103 721 1306 753 numen
1366 698 1641 754 Minerva?

408 823 560 857 donato.
618 822 680 856 Sic
709 822 840 860 Turio.
867 821 971 859 Flor.
1002 821 1126 858 Guelf.
1158 836 1245 858 cum
1274 823 1390 860 Goth.
1419 823 1524 867 (non
1545 823 1641 861 Jens.

325 890 398 913 err.
429 878 562 921 Gesn.)
594 876 707 912 Bodl.
733 877 837 913 Voss‘.
873 890 905 912 1.
936 886 972 920 5.
1001 876 1107 914 Bam.
1137 879 1244 914 Gesn.
1275 875 1361 927 Bip'.
1391 895 1392 898 ¹
1418 879 1491 914 Sed
1509 891 1580 926 pro
1606 881 1645 913 in

324 946 416 982 quae
434 933 573 967 donato
594 932 696 969 Voff.
718 940 754 968 2.
784 934 930 981 iniquae
948 932 1124 974 donatus,
1157 946 1323 981 quorum
1340 935 1448 982 prius
1471 944 1507 968 ct
1525 933 1640 969 Goth.

324 989 413 1030 (tac.
436 987 564 1030 Gesn.)
594 983 640 1022 ef.
661 990 693 1034 §.
716 994 779 1034 39.
800 987 891 1023 item
915 999 1001 1034 109.
1033 987 1106 1023 Sed
1124 989 1286 1036 suspicor
1306 989 1403 1023 male
1423 999 1643 1036 excerptum

322 1043 428 1082 Voss‘.
452 1053 487 1078 2·
540 1043 744 1078 Editorum
773 1044 920 1090 primus
949 1044 1080 1092 Camp.
1107 1044 1261 1078 donatus
1281 1055 1318 1079 et
1340 1046 1387 1079 fic
1407 1043 1560 1091 reliqui.

397 1094 602 1146 secefferat.
642 1099 729 1133 Hoc
752 1111 770 1133 e
789 1099 911 1146 Lipfii
927 1100 1144 1145 conjectura
1165 1099 1231 1144 (ad
1249 1099 1368 1135 Tacit.
1390 1099 1484 1134 Hist.
1506 1104 1540 1140 4,
1559 1098 1643 1143 86.)

323 1153 414 1190 dedi
427 1153 513 1201 post
533 1153 640 1190 Gesn.
662 1153 749 1201 Bip.
808 1153 923 1189 Libri
942 1166 1073 1202 qmnes
1086 1151 1309 1203 succeffaerat.
1369 1154 1426 1190 Cf.
1449 1153 1644 1189 Drakenb.

322 1209 370 1244 ad
396 1208 483 1244 Liv.
515 1217 562 1249 2,
600 1216 673 1251 50,
705 1217 741 1251 3.
969 1211 1074 1256 gerit.
1132 1209 1194 1243 Sic
1225 1210 1356 1245 Turic.
1383 1207 1484 1243 Flor.
1516 1207 1642 1244 Guelf-

322 1264 441 1301 Goth.
462 1264 558 1307 (tac.
582 1264 719 1308 Gesn.)
747 1263 847 1300 Vall.
870 1264 999 1311 Camp.
1021 1259 1108 1298 Ald.
1127 1273 1163 1298 et
1188 1264 1271 1299 edd.
1291 1265 1383 1312 post.
1406 1274 1490 1298 ante
1511 1265 1644 1298 Burm-

321 1332 399 1355 ncc.
418 1318 505 1366 Bip.
562 1318 722 1365 Reliqui
744 1321 872 1367 egerit.
901 1321 1160 1358 Burmannus,
1191 1319 1360 1355 curiosus
1386 1317 1644 1354 insolentioris

320 1374 457 1415 verbi,
486 1373 650 1423 appellat
670 1374 914 1410 Gronovium
937 1374 978 1408 in
1003 1373 1108 1409 Obss'.
1129 1383 1173 1415 2,
1198 1383 1235 1418 5.
1263 1387 1300 1422 p.
1325 1381 1413 1417 173.
1445 1373 1644 1408 docentem

323 1428 520 1478 exemplis,
542 1442 649 1477 agero
667 1430 820 1477 quoque
839 1428 970 1463 bellum
990 1428 1068 1463 dici
1089 1429 1133 1464 ab
1152 1429 1328 1477 antiquis,
1348 1429 1452 1476 (add.
1466 1428 1644 1464 Oudend.

322 1486 368 1520 ad
390 1486 490 1519 Suet.
516 1485 615 1520 Caes.
639 1485 731 1528 45.)
762 1496 831 1518 nec
853 1483 1012 1518 attendit
1041 1483 1106 1528 (id
1142 1484 1247 1532 quod
1266 1495 1378 1531 negat
1400 1484 1540 1528 etiam)
1564 1482 1643 1518 bel-

320 1538 468 1579 lorum,
497 1552 615 1587 quae,
645 1539 771 1586 quoad
800 1539 858 1573 rei
886 1537 1062 1586 publicae
1090 1539 1252 1586 praeest,
1284 1539 1408 1574 adhuc
1431 1548 1536 1585 gerat
1559 1539 1644 1573 Do-

320 1595 515 1634 mitianus,
537 1593 621 1629 fieri
640 1594 888 1633 mentionem,
921 1606 999 1628 nou
1020 1605 1153 1628 eorum
1173 1607 1268 1642 quae
1291 1596 1415 1642 egerit.
1448 1594 1646 1633 Gesnerus.

319 1661 421 1686 recta
462 1649 651 1698 probans,
699 1648 844 1685 librum
874 1649 980 1683 suum
1014 1649 1180 1684 securius
1212 1649 1386 1698 inspexit.
1455 1648 1646 1684 Probabat

318 1706 465 1754 Regius
501 1704 623 1740 codd.
662 1704 883 1752 scripturam
921 1705 1036 1751 gerit,
1088 1717 1167 1739 non
1203 1705 1307 1739 suam
1322 1703 1645 1739 'emendationem

318 1760 542 1810 reponebat.
599 1759 657 1796 Cf.
678 1757 874 1794 Drakenb.
906 1759 950 1792 ad
970 1758 1059 1793 Liv.
1076 1760 1178 1807 Epit.
1203 1765 1264 1806 49.
1294 1772 1331 1807 p.
1357 1766 1446 1806 957.

405 1817 495 1850 deae
520 1817 682 1863 propius.
741 1814 871 1849 Turio.
905 1827 949 1848 ea
979 1815 1160 1862 propriis;
1190 1827 1209 1848 a
1240 1815 1306 1849 sec.
1338 1827 1388 1849 m.
1423 1826 1465 1849 eo
1485 1815 1648 1861 propius.

319 1871 423 1907 Ποῖ.
455 1871 503 1915 (a
528 1871 695 1918 pium.)
730 1883 774 1904 ea
799 1883 837 1917 p.
869 1881 954 1905 cum
985 1868 1088 1903 Alm.
1297 1868 1490 1916 familiare
1519 1881 1647 1903 numen

319 1927 510 1962 Minerva.
542 1926 604 1960 Sic
625 1924 727 1961 Flor.
748 1923 855 1960 Bafil.
888 1924 962 1959 Sed
980 1924 1111 1959 Turic.
1123 1922 1279 1971 familia
1297 1937 1446 1958 rennum
1465 1925 1648 1962 minerva.-

771 2024 955 2065 „Donato
1017 2021 1079 2058 16.
1120 2049 1143 2064 ‚‚
1156 2040 1210 2048 —
1231 2022 1294 2058 cui
1315 2023 1486 2070 geminae
1508 2021 1647 2058 florent

1011 2089 1247 2126 „vatumque
1276 2074 1493 2126 d‘ucumque
1509 2070 1645 2112 ‘Certa-

1012 2133 1110 2174 „tim
1126 2132 1275 2169 laurus:
1298 2132 1394 2169 olim
1414 2132 1519 2169 dolet
1532 2131 1646 2168 altera

1014 2189 1189 2229 „vinci.“

1066 2242 1310 2293 praefidentes
1321 2240 1452 2290 studiis
1463 2243 1549 2278 deas
1568 2253 1646 2278 tam

1015 2313 1131 2347 prope
1161 2300 1346 2334 audientes
1376 2299 1647 2346 imperatorem

378 2027 521 2063 donato
551 2026 714 2073 imperio.

321 2083 502 2131 „imperio
526 2080 708 2118 militari.
738 2080 954 2115 condonato

315 2138 432 2180 '„tum
488 2135 765 2185 suspicionibus
813 2134 955 2175 fratris.

315 2192 429 2235 ‘.,tum
441 2191 507 2227 suo
519 2192 561 2227 in
573 2191 803 2239 optimarum
818 2190 957 2225 artium

320 2247 467 2289 „studia
497 2247 641 2287 amori,
671 2248 708 2280 in
734 2260 847 2293 opera
865 2258 958 2294 poe-

320 2303 442 2343 ..tica,
470 2301 510 2343 h.
539 2316 569 2338 e.
594 2301 641 2336 ad
660 2314 700 2336 ea
722 2300 958 2339 elaboranda,

320 2372 367 2399 ..a
387 2358 546 2406 strepitu
561 2369 690 2393 rerum
707 2355 959 2404 gerendarum

319 2413 537 2455 „secesserat
554 2412 845 2447 Domitianus.‘·
875 2411 961 2445 Ges-

322 2481 402 2505 ner.
469 2467 709 2503 Illustrantur
741 2466 836 2500 haee
863 2464 960 2500 locis

323 2523 451 2559 Taciti
479 2533 516 2558 et
536 2522 712 2558 Suetonii
736 2522 843 2569 supra
859 2534 879 2555 a
899 2533 960 2555 me

322 2579 461 2614 citatis.
501 2576 622 2616 Valde
645 2577 821 2625 geminus
840 2575 959 2622 Quin-

322 2633 481 2669 tilianeo
531 2632 710 2668 adulandi
762 2629 871 2667 color
910 2631 960 2666 est

324 2688 425 2738 apud
455 2688 619 2725 Statium
649 2685 791 2723 Achill.
825 2699 841 2721 ι
858 2711 870 2728 ,
896 2694 958 2729 15.

1015 2365 1116 2390 recte
1140 2355 1322 2395 Gesnerus
1344 2353 1462 2389 refert
1490 2354 1536 2388 ad
1557 2366 1646 2401 ago·

1017 2422 1103 2443 nem
1125 2409 1317 2448 muficum,
1350 2415 1462 2456 quern
1484 2408 1648 2457 instituit

1015 2463 1083 2499 ille
1123 2475 1274 2500 auctore
1312 2465 1413 2498 Suet.
1452 2465 1568 2499 Dom.
1607 2471 1644 2506 4.

1017 2519 1075 2554 Cf.
1118 2521 1209 2554 Stat.
1253 2517 1358 2565 Sylv.
1399 2528 1443 2562 5,
1494 2509 1542 2561 5,'
1581 2524 1646 2562 28.

1017 2582 1066 2617 δι
1093 2594 1144 2601 --
1166 2583 1228 2618 35.
1259 2584 1296 2609 et
1324 2575 1435 2610 nostr.
1459 2585 1495 2620 9,
1521 2579 1556 2615 4,
1583 2587 1645 2609 11.

1065 2629 1256 2676 familiare
1293 2642 1422 2664 numen
1455 2628 1646 2665 Minerva.

1012 2687 1062 2721 Sc
1074 2686 1176 2720 enim
1190 2685 1387 2720 Minervae
1400 2683 1521 2718 fliium
1535 2683 1646 2728 jacta-
