<?xml version="1.0" encoding="UTF-8"?>
<!DOCTYPE html PUBLIC "-//W3C//DTD XHTML 1.0 Transitional//EN"
    "http://www.w3.org/TR/xhtml1/DTD/xhtml1-transitional.dtd">
<html xmlns="http://www.w3.org/1999/xhtml" xml:lang="en" lang="en">
 <head>
  <title>
</title>
<meta http-equiv="Content-Type" content="text/html;charset=utf-8" />
  <meta name='ocr-system' content='tesseract 3.04.00' />
  <meta name='ocr-capabilities' content='ocr_page ocr_carea ocr_par ocr_line ocrx_word'/>
</head>
<body>
  <div class='ocr_page' id='page_1' title='image "./lexiconquintilia04bonnuoft/lexiconquintilia04bonnuoft_0187.png"; bbox 0 0 1676 3028; ppageno 0'>
   <div class='ocr_carea' id='block_1_1' title="bbox 371 93 1461 270">
    <p class='ocr_par' dir='ltr' id='par_1_1' title="bbox 371 93 1461 270">
     <span class='ocr_line' id='line_1_1' title="bbox 402 93 421 131; baseline 0 0"><span class='ocrx_word' id='word_1_1' title='bbox 402 93 421 131; x_wconf 69' lang='grc' dir='ltr'><em>δ</em></span> 
     </span>
     <span class='ocr_line' id='line_1_2' title="bbox 371 193 1461 270; baseline -0.005 -6"><span class='ocrx_word' id='word_1_2' title='bbox 371 219 535 265; x_wconf 76' lang='grc' dir='ltr'><strong>ιΝεΤ.</strong></span> <span class='ocrx_word' id='word_1_3' title='bbox 571 193 850 264; x_wconf 69' lang='lat' dir='ltr'>o&#39;nA‘ron.</span> <span class='ocrx_word' id='word_1_4' title='bbox 885 213 1014 261; x_wconf 75' lang='lat' dir='ltr'>Lm.</span> <span class='ocrx_word' id='word_1_5' title='bbox 1044 213 1116 270; x_wconf 85' lang='lat' dir='ltr'>x,</span> <span class='ocrx_word' id='word_1_6' title='bbox 1152 225 1197 268; x_wconf 78' lang='lat'>3.</span> <span class='ocrx_word' id='word_1_7' title='bbox 1365 221 1461 268; x_wconf 69' lang='lat'>157</span> 
     </span>
    </p>
   </div>
   <div class='ocr_carea' id='block_1_2' title="bbox 26 338 1552 1262">
    <p class='ocr_par' dir='ltr' id='par_1_2' title="bbox 26 338 1552 1262">
     <span class='ocr_line' id='line_1_3' title="bbox 112 338 1466 407; baseline -0.009 -8"><span class='ocrx_word' id='word_1_8' title='bbox 112 345 309 407; x_wconf 74' lang='lat' dir='ltr'>necesse</span> <span class='ocrx_word' id='word_1_9' title='bbox 333 345 406 397; x_wconf 83' lang='lat' dir='ltr'>est</span> <span class='ocrx_word' id='word_1_10' title='bbox 431 355 654 398; x_wconf 85' lang='lat' dir='ltr'>avocent</span> <span class='ocrx_word' id='word_1_11' title='bbox 676 344 738 393; x_wconf 81' lang='lat' dir='ltr'>ab</span> <span class='ocrx_word' id='word_1_12' title='bbox 761 343 1058 394; x_wconf 88' lang='lat' dir='ltr'>intentione</span> <span class='ocrx_word' id='word_1_13' title='bbox 1095 340 1269 407; x_wconf 87' lang='lat' dir='ltr'>operis</span> <span class='ocrx_word' id='word_1_14' title='bbox 1308 338 1466 388; x_wconf 83' lang='lat' dir='ltr'>desti-</span> 
     </span>
     <span class='ocr_line' id='line_1_4' title="bbox 113 415 1466 494; baseline -0.01 -17"><span class='ocrx_word' id='word_1_15' title='bbox 113 429 238 485; x_wconf 81' lang='lat' dir='ltr'>nati.</span> <span class='ocrx_word' id='word_1_16' title='bbox 279 427 474 494; x_wconf 76' lang='lat' dir='ltr'>Neque</span> <span class='ocrx_word' id='word_1_17' title='bbox 493 425 639 473; x_wconf 88' lang='lat' dir='ltr'>enim</span> <span class='ocrx_word' id='word_1_18' title='bbox 663 421 721 471; x_wconf 89' lang='lat' dir='ltr'>se·</span> <span class='ocrx_word' id='word_1_19' title='bbox 741 422 880 472; x_wconf 83' lang='lat' dir='ltr'>bona</span> <span class='ocrx_word' id='word_1_20' title='bbox 900 419 1013 469; x_wconf 82' lang='lat' dir='ltr'>fide</span> <span class='ocrx_word' id='word_1_21' title='bbox 1032 421 1092 468; x_wconf 88' lang='lat' dir='ltr'>in</span> <span class='ocrx_word' id='word_1_22' title='bbox 1112 419 1282 468; x_wconf 71' lang='lat' dir='ltr'>multa</span> <span class='ocrx_word' id='word_1_23' title='bbox 1302 415 1466 466; x_wconf 81' lang='lat' dir='ltr'>simul</span> 
     </span>
     <span class='ocr_line' id='line_1_5' title="bbox 113 495 1466 564; baseline -0.009 -10"><span class='ocrx_word' id='word_1_24' title='bbox 113 503 394 554; x_wconf 78' lang='lat' dir='ltr'>intendere</span> <span class='ocrx_word' id='word_1_25' title='bbox 413 503 622 552; x_wconf 87' lang='lat' dir='ltr'>animus</span> <span class='ocrx_word' id='word_1_26' title='bbox 657 509 830 549; x_wconf 83' lang='lat' dir='ltr'>totum</span> <span class='ocrx_word' id='word_1_27' title='bbox 861 495 1060 564; x_wconf 84' lang='lat' dir='ltr'>potest:</span> <span class='ocrx_word' id='word_1_28' title='bbox 1102 506 1180 554; x_wconf 88' lang='lat' dir='ltr'>et,</span> <span class='ocrx_word' id='word_1_29' title='bbox 1219 511 1466 561; x_wconf 87' lang='lat' dir='ltr'>quocun-</span> 
     </span>
     <span class='ocr_line' id='line_1_6' title="bbox 26 570 1467 647; baseline -0.009 -14"><span class='ocrx_word' id='word_1_30' title='bbox 26 587 109 639; x_wconf 75' lang='lat'>936</span> <span class='ocrx_word' id='word_1_31' title='bbox 119 599 225 647; x_wconf 89' lang='lat' dir='ltr'>que</span> <span class='ocrx_word' id='word_1_32' title='bbox 242 579 484 646; x_wconf 75' lang='lat' dir='ltr'>respexit,</span> <span class='ocrx_word' id='word_1_33' title='bbox 501 576 695 628; x_wconf 74' lang='lat' dir='ltr'>desinit</span> <span class='ocrx_word' id='word_1_34' title='bbox 715 576 931 634; x_wconf 88' lang='lat' dir='ltr'>intueri,</span> <span class='ocrx_word' id='word_1_35' title='bbox 955 574 1105 640; x_wconf 89' lang='lat' dir='ltr'>quod</span> <span class='ocrx_word' id='word_1_36' title='bbox 1129 570 1467 641; x_wconf 86' lang='lat' dir='ltr'>propositum</span> 
     </span>
     <span class='ocr_line' id='line_1_7' title="bbox 119 653 1546 726; baseline -0.006 -19"><span class='ocrx_word' id='word_1_37' title='bbox 119 669 242 708; x_wconf 88' lang='lat' dir='ltr'>erat.</span> <span class='ocrx_word' id='word_1_38' title='bbox 321 661 494 726; x_wconf 79' lang='lat' dir='ltr'>Quare</span> <span class='ocrx_word' id='word_1_39' title='bbox 529 654 784 704; x_wconf 86' lang='lat' dir='ltr'>silvarum</span> <span class='ocrx_word' id='word_1_40' title='bbox 818 653 1120 710; x_wconf 83' lang='lat' dir='ltr'>amoenitas,</span> <span class='ocrx_word' id='word_1_41' title='bbox 1156 663 1210 701; x_wconf 86' lang='lat' dir='ltr'>et</span> <span class='ocrx_word' id='word_1_42' title='bbox 1240 659 1466 716; x_wconf 86' lang='lat' dir='ltr'>praeter·</span> <span class='ocrx_word' id='word_1_43' title='bbox 1492 655 1546 699; x_wconf 82' lang='lat'>24</span> 
     </span>
     <span class='ocr_line' id='line_1_8' title="bbox 118 728 1472 796; baseline -0.007 -12"><span class='ocrx_word' id='word_1_44' title='bbox 118 735 348 785; x_wconf 83' lang='lat' dir='ltr'>labentia</span> <span class='ocrx_word' id='word_1_45' title='bbox 366 732 607 790; x_wconf 85' lang='lat' dir='ltr'>flumina,</span> <span class='ocrx_word' id='word_1_46' title='bbox 627 742 679 780; x_wconf 88' lang='lat' dir='ltr'>et</span> <span class='ocrx_word' id='word_1_47' title='bbox 702 729 1012 796; x_wconf 72' lang='lat' dir='ltr'>inspirantes</span> <span class='ocrx_word' id='word_1_48' title='bbox 1034 731 1190 779; x_wconf 86' lang='lat' dir='ltr'>ramis</span> <span class='ocrx_word' id='word_1_49' title='bbox 1216 728 1472 778; x_wconf 86' lang='lat' dir='ltr'>arborum</span> 
     </span>
     <span class='ocr_line' id='line_1_9' title="bbox 120 804 1475 873; baseline -0.007 -13"><span class='ocrx_word' id='word_1_50' title='bbox 120 829 291 869; x_wconf 87' lang='lat' dir='ltr'>aurae,</span> <span class='ocrx_word' id='word_1_51' title='bbox 330 812 725 872; x_wconf 83' lang='lat' dir='ltr'>volucrumque</span> <span class='ocrx_word' id='word_1_52' title='bbox 760 818 972 866; x_wconf 82' lang='lat' dir='ltr'>cantus,</span> <span class='ocrx_word' id='word_1_53' title='bbox 1011 818 1063 856; x_wconf 87' lang='lat' dir='ltr'>et</span> <span class='ocrx_word' id='word_1_54' title='bbox 1089 805 1199 873; x_wconf 86' lang='lat' dir='ltr'>ipsa</span> <span class='ocrx_word' id='word_1_55' title='bbox 1235 806 1339 854; x_wconf 91' lang='lat' dir='ltr'>late</span> <span class='ocrx_word' id='word_1_56' title='bbox 1373 804 1475 852; x_wconf 86' lang='lat' dir='ltr'>cir-</span> 
     </span>
     <span class='ocr_line' id='line_1_10' title="bbox 120 881 1476 955; baseline -0.006 -18"><span class='ocrx_word' id='word_1_57' title='bbox 120 886 505 955; x_wconf 79' lang='lat' dir='ltr'>cumspiciendi</span> <span class='ocrx_word' id='word_1_58' title='bbox 527 887 738 934; x_wconf 83' lang='lat' dir='ltr'>libertas</span> <span class='ocrx_word' id='word_1_59' title='bbox 751 923 765 943; x_wconf 89' lang='lat'>,</span> <span class='ocrx_word' id='word_1_60' title='bbox 806 883 873 933; x_wconf 86' lang='lat' dir='ltr'>ad</span> <span class='ocrx_word' id='word_1_61' title='bbox 895 883 948 932; x_wconf 88' lang='lat' dir='ltr'>se</span> <span class='ocrx_word' id='word_1_62' title='bbox 967 885 1212 934; x_wconf 88' lang='lat' dir='ltr'>trahunt:</span> <span class='ocrx_word' id='word_1_63' title='bbox 1255 893 1318 932; x_wconf 90' lang='lat' dir='ltr'>ut</span> <span class='ocrx_word' id='word_1_64' title='bbox 1336 881 1476 932; x_wconf 88' lang='lat' dir='ltr'>mihi</span> 
     </span>
     <span class='ocr_line' id='line_1_11' title="bbox 119 959 1477 1030; baseline -0.005 -16"><span class='ocrx_word' id='word_1_65' title='bbox 119 966 389 1015; x_wconf 83' lang='lat' dir='ltr'>remittere</span> <span class='ocrx_word' id='word_1_66' title='bbox 410 964 592 1030; x_wconf 79' lang='lat' dir='ltr'>potius</span> <span class='ocrx_word' id='word_1_67' title='bbox 628 962 881 1027; x_wconf 88' lang='lat' dir='ltr'>voluptas</span> <span class='ocrx_word' id='word_1_68' title='bbox 915 960 1011 1011; x_wconf 83' lang='lat' dir='ltr'>ista</span> <span class='ocrx_word' id='word_1_69' title='bbox 1046 962 1295 1011; x_wconf 86' lang='lat' dir='ltr'>videatur</span> <span class='ocrx_word' id='word_1_70' title='bbox 1332 959 1477 1024; x_wconf 87' lang='lat' dir='ltr'>cogi-</span> 
     </span>
     <span class='ocr_line' id='line_1_12' title="bbox 121 1034 1552 1105; baseline -0.002 -15"><span class='ocrx_word' id='word_1_71' title='bbox 121 1043 375 1091; x_wconf 82' lang='lat' dir='ltr'>tationem</span> <span class='ocrx_word' id='word_1_72' title='bbox 392 1078 407 1098; x_wconf 84' lang='lat'>,</span> <span class='ocrx_word' id='word_1_73' title='bbox 485 1057 647 1105; x_wconf 87' lang='lat' dir='ltr'>quam</span> <span class='ocrx_word' id='word_1_74' title='bbox 683 1038 976 1088; x_wconf 85' lang='lat' dir='ltr'>intendere.</span> <span class='ocrx_word' id='word_1_75' title='bbox 1088 1034 1479 1091; x_wconf 81' lang='lat' dir='ltr'>Demosthenes</span> <span class='ocrx_word' id='word_1_76' title='bbox 1500 1050 1552 1087; x_wconf 86' lang='lat'>25</span> 
     </span>
     <span class='ocr_line' id='line_1_13' title="bbox 121 1110 1477 1184; baseline -0.006 -16"><span class='ocrx_word' id='word_1_77' title='bbox 121 1119 332 1177; x_wconf 88' lang='lat' dir='ltr'>melius,</span> <span class='ocrx_word' id='word_1_78' title='bbox 347 1119 443 1184; x_wconf 89' lang='lat' dir='ltr'>qui</span> <span class='ocrx_word' id='word_1_79' title='bbox 464 1110 516 1165; x_wconf 87' lang='lat' dir='ltr'>se</span> <span class='ocrx_word' id='word_1_80' title='bbox 541 1118 600 1166; x_wconf 89' lang='lat' dir='ltr'>in</span> <span class='ocrx_word' id='word_1_81' title='bbox 624 1117 825 1174; x_wconf 82' lang='lat' dir='ltr'>locum,</span> <span class='ocrx_word' id='word_1_82' title='bbox 840 1133 904 1165; x_wconf 86' lang='lat' dir='ltr'>ex</span> <span class='ocrx_word' id='word_1_83' title='bbox 925 1133 1035 1182; x_wconf 86' lang='lat' dir='ltr'>quo</span> <span class='ocrx_word' id='word_1_84' title='bbox 1056 1117 1209 1166; x_wconf 90' lang='lat' dir='ltr'>nulla</span> <span class='ocrx_word' id='word_1_85' title='bbox 1232 1113 1477 1163; x_wconf 84' lang='lat' dir='ltr'>exaudiri</span> 
     </span>
     <span class='ocr_line' id='line_1_14' title="bbox 123 1188 1478 1262; baseline -0.004 -17"><span class='ocrx_word' id='word_1_86' title='bbox 123 1193 258 1255; x_wconf 71' lang='lat' dir='ltr'>¹vox,</span> <span class='ocrx_word' id='word_1_87' title='bbox 341 1205 394 1244; x_wconf 88' lang='lat' dir='ltr'>et</span> <span class='ocrx_word' id='word_1_88' title='bbox 459 1211 524 1243; x_wconf 83' lang='lat' dir='ltr'>ex</span> <span class='ocrx_word' id='word_1_89' title='bbox 591 1210 699 1259; x_wconf 86' lang='lat' dir='ltr'>quo</span> <span class='ocrx_word' id='word_1_90' title='bbox 777 1194 919 1243; x_wconf 86' lang='lat' dir='ltr'>nihil</span> <span class='ocrx_word' id='word_1_91' title='bbox 992 1192 1227 1262; x_wconf 83' lang='lat' dir='ltr'>prospici</span> <span class='ocrx_word' id='word_1_92' title='bbox 1293 1188 1478 1259; x_wconf 69' lang='lat' dir='ltr'>poss&#39;et,</span> 
     </span>
    </p>
   </div>
   <div class='ocr_carea' id='block_1_3' title="bbox 63 1335 1494 2124">
    <p class='ocr_par' dir='ltr' id='par_1_3' title="bbox 63 1335 1482 1500">
     <span class='ocr_line' id='line_1_15' title="bbox 63 1335 1481 1387; baseline -0.001 -13"><span class='ocrx_word' id='word_1_93' title='bbox 63 1380 67 1387; x_wconf 35' lang='grc' dir='ltr'>Ι</span> <span class='ocrx_word' id='word_1_94' title='bbox 127 1337 216 1376; x_wconf 80' lang='lat' dir='ltr'>Ald.</span> <span class='ocrx_word' id='word_1_95' title='bbox 255 1338 329 1374; x_wconf 85' lang='lat' dir='ltr'>Sed</span> <span class='ocrx_word' id='word_1_96' title='bbox 358 1338 464 1374; x_wconf 76' lang='lat' dir='ltr'>Vols.</span> <span class='ocrx_word' id='word_1_97' title='bbox 489 1350 524 1376; x_wconf 83' lang='grc' dir='ltr'>ι.</span> <span class='ocrx_word' id='word_1_98' title='bbox 555 1341 601 1383; x_wconf 64' lang='grc' dir='ltr'>(ει</span> <span class='ocrx_word' id='word_1_99' title='bbox 619 1338 770 1387; x_wconf 79' lang='lat' dir='ltr'>m-pr.)</span> <span class='ocrx_word' id='word_1_100' title='bbox 799 1347 983 1377; x_wconf 73' lang='lat' dir='ltr'>amovent.</span> <span class='ocrx_word' id='word_1_101' title='bbox 1215 1335 1385 1386; x_wconf 75' lang='lat' dir='ltr'>respexit.</span> <span class='ocrx_word' id='word_1_102' title='bbox 1415 1336 1481 1372; x_wconf 71' lang='lat' dir='ltr'>Sic</span> 
     </span>
     <span class='ocr_line' id='line_1_16' title="bbox 127 1390 1482 1444; baseline -0.003 -12"><span class='ocrx_word' id='word_1_103' title='bbox 127 1394 260 1433; x_wconf 76' lang='lat' dir='ltr'>Turic.</span> <span class='ocrx_word' id='word_1_104' title='bbox 281 1394 407 1431; x_wconf 83' lang='lat' dir='ltr'>Guelf.</span> <span class='ocrx_word' id='word_1_105' title='bbox 442 1395 575 1444; x_wconf 75' lang='lat' dir='ltr'>Camp.</span> <span class='ocrx_word' id='word_1_106' title='bbox 609 1390 697 1430; x_wconf 75' lang='lat' dir='ltr'>eum</span> <span class='ocrx_word' id='word_1_107' title='bbox 727 1396 846 1431; x_wconf 84' lang='lat' dir='ltr'>Goth.</span> <span class='ocrx_word' id='word_1_108' title='bbox 878 1405 916 1431; x_wconf 86' lang='lat' dir='ltr'>et</span> <span class='ocrx_word' id='word_1_109' title='bbox 933 1394 1020 1430; x_wconf 81' lang='lat' dir='ltr'>edd.</span> <span class='ocrx_word' id='word_1_110' title='bbox 1047 1404 1132 1428; x_wconf 79' lang='lat' dir='ltr'>ante</span> <span class='ocrx_word' id='word_1_111' title='bbox 1151 1393 1245 1429; x_wconf 74' lang='lat' dir='ltr'>Bad.</span> <span class='ocrx_word' id='word_1_112' title='bbox 1275 1406 1350 1428; x_wconf 80' lang='lat' dir='ltr'>acc.</span> <span class='ocrx_word' id='word_1_113' title='bbox 1370 1392 1482 1429; x_wconf 79' lang='lat' dir='ltr'>Basil.</span> 
     </span>
     <span class='ocr_line' id='line_1_17' title="bbox 127 1449 1157 1500; baseline -0.003 -13"><span class='ocrx_word' id='word_1_114' title='bbox 127 1450 316 1500; x_wconf 75' lang='lat' dir='ltr'>Reliquae</span> <span class='ocrx_word' id='word_1_115' title='bbox 336 1450 545 1500; x_wconf 77' lang='lat' dir='ltr'>respexerit.</span> <span class='ocrx_word' id='word_1_116' title='bbox 574 1453 714 1487; x_wconf 86' lang='lat' dir='ltr'>Parum</span> <span class='ocrx_word' id='word_1_117' title='bbox 735 1462 849 1487; x_wconf 82' lang='lat' dir='ltr'>recte.</span> <span class='ocrx_word' id='word_1_118' title='bbox 877 1451 926 1488; x_wconf 89' lang='lat' dir='ltr'>cf.</span> <span class='ocrx_word' id='word_1_119' title='bbox 951 1463 988 1499; x_wconf 86' lang='lat'>9.</span> <span class='ocrx_word' id='word_1_120' title='bbox 1021 1456 1058 1494; x_wconf 79' lang='grc'>4,</span> <span class='ocrx_word' id='word_1_121' title='bbox 1092 1449 1157 1499; x_wconf 86' lang='lat'>96.</span> 
     </span>
    </p>

    <p class='ocr_par' dir='ltr' id='par_1_4' title="bbox 129 1506 1487 1839">
     <span class='ocr_line' id='line_1_18' title="bbox 176 1506 1483 1557; baseline -0.001 -15"><span class='ocrx_word' id='word_1_122' title='bbox 176 1514 280 1550; x_wconf 63' lang='lat'>„24</span> <span class='ocrx_word' id='word_1_123' title='bbox 312 1506 879 1557; x_wconf 79' lang='lat' dir='ltr'>inspirantes—volucrumque.</span> <span class='ocrx_word' id='word_1_124' title='bbox 899 1508 1031 1544; x_wconf 77' lang='lat' dir='ltr'>Turic-</span> <span class='ocrx_word' id='word_1_125' title='bbox 1054 1506 1158 1547; x_wconf 72' lang='lat' dir='ltr'>flor.</span> <span class='ocrx_word' id='word_1_126' title='bbox 1182 1506 1268 1551; x_wconf 82' lang='lat' dir='ltr'>(hic</span> <span class='ocrx_word' id='word_1_127' title='bbox 1286 1520 1306 1542; x_wconf 85' lang='lat' dir='ltr'>a</span> <span class='ocrx_word' id='word_1_128' title='bbox 1324 1519 1385 1556; x_wconf 86' lang='lat' dir='ltr'>pr.</span> <span class='ocrx_word' id='word_1_129' title='bbox 1408 1507 1483 1552; x_wconf 88' lang='lat' dir='ltr'>m.)</span> 
     </span>
     <span class='ocr_line' id='line_1_19' title="bbox 129 1563 1485 1613; baseline -0.001 -11"><span class='ocrx_word' id='word_1_130' title='bbox 129 1566 154 1602; x_wconf 81' lang='grc' dir='ltr'>ἰ.</span> <span class='ocrx_word' id='word_1_131' title='bbox 170 1563 271 1600; x_wconf 76' lang='lat' dir='ltr'>-raiai</span> <span class='ocrx_word' id='word_1_132' title='bbox 296 1563 392 1610; x_wconf 88' lang='lat' dir='ltr'>(hoc</span> <span class='ocrx_word' id='word_1_133' title='bbox 417 1574 455 1599; x_wconf 76' lang='lat' dir='ltr'>et</span> <span class='ocrx_word' id='word_1_134' title='bbox 474 1563 602 1601; x_wconf 85' lang='lat' dir='ltr'>Guelf.</span> <span class='ocrx_word' id='word_1_135' title='bbox 626 1577 716 1600; x_wconf 90' lang='lat' dir='ltr'>cum</span> <span class='ocrx_word' id='word_1_136' title='bbox 735 1565 840 1602; x_wconf 78' lang='lat' dir='ltr'>Voss&#39;.</span> <span class='ocrx_word' id='word_1_137' title='bbox 869 1578 903 1599; x_wconf 85' lang='lat'>1.</span> <span class='ocrx_word' id='word_1_138' title='bbox 929 1563 990 1613; x_wconf 77' lang='grc'>5.)</span> <span class='ocrx_word' id='word_1_139' title='bbox 1021 1578 1054 1600; x_wconf 91' lang='lat' dir='ltr'>a.</span> <span class='ocrx_word' id='word_1_140' title='bbox 1080 1578 1182 1598; x_wconf 84' lang='lat' dir='ltr'>arme</span> <span class='ocrx_word' id='word_1_141' title='bbox 1207 1563 1331 1608; x_wconf 85' lang='lat' dir='ltr'>(Flor.</span> <span class='ocrx_word' id='word_1_142' title='bbox 1354 1574 1485 1600; x_wconf 81' lang='lat' dir='ltr'>tamen</span> 
     </span>
     <span class='ocr_line' id='line_1_20' title="bbox 129 1619 1485 1670; baseline -0.001 -13"><span class='ocrx_word' id='word_1_143' title='bbox 129 1619 193 1670; x_wconf 72' lang='lat' dir='ltr'>ae)</span> <span class='ocrx_word' id='word_1_144' title='bbox 222 1620 421 1657; x_wconf 78' lang='lat' dir='ltr'>volucrum.</span> <span class='ocrx_word' id='word_1_145' title='bbox 453 1621 586 1657; x_wconf 81' lang='lat' dir='ltr'>Turio.</span> <span class='ocrx_word' id='word_1_146' title='bbox 618 1634 638 1656; x_wconf 83' lang='lat' dir='ltr'>a</span> <span class='ocrx_word' id='word_1_147' title='bbox 669 1622 739 1657; x_wconf 88' lang='lat' dir='ltr'>sec.</span> <span class='ocrx_word' id='word_1_148' title='bbox 768 1634 826 1656; x_wconf 84' lang='lat' dir='ltr'>m.</span> <span class='ocrx_word' id='word_1_149' title='bbox 856 1623 881 1658; x_wconf 83' lang='lat' dir='ltr'>i.</span> <span class='ocrx_word' id='word_1_150' title='bbox 914 1623 1009 1656; x_wconf 77' lang='lat' dir='ltr'>rami</span> <span class='ocrx_word' id='word_1_151' title='bbox 1042 1636 1076 1656; x_wconf 81' lang='lat' dir='ltr'>a.</span> <span class='ocrx_word' id='word_1_152' title='bbox 1106 1621 1317 1661; x_wconf 74' lang='lat' dir='ltr'><em>volucrum,</em></span> <span class='ocrx_word' id='word_1_153' title='bbox 1365 1631 1403 1656; x_wconf 87' lang='lat' dir='ltr'>et</span> <span class='ocrx_word' id='word_1_154' title='bbox 1433 1621 1485 1659; x_wconf 77' lang='lat' dir='ltr'>fic</span> 
     </span>
     <span class='ocr_line' id='line_1_21' title="bbox 131 1676 1484 1726; baseline -0.001 -12"><span class='ocrx_word' id='word_1_155' title='bbox 131 1678 263 1725; x_wconf 76' lang='lat' dir='ltr'>Cmp.</span> <span class='ocrx_word' id='word_1_156' title='bbox 282 1677 355 1712; x_wconf 81' lang='lat' dir='ltr'>nisi</span> <span class='ocrx_word' id='word_1_157' title='bbox 377 1677 483 1724; x_wconf 82' lang='lat' dir='ltr'>quod</span> <span class='ocrx_word' id='word_1_158' title='bbox 501 1679 626 1713; x_wconf 69' lang='lat' dir='ltr'>ramis.</span> <span class='ocrx_word' id='word_1_159' title='bbox 857 1679 935 1715; x_wconf 88' lang='lat' dir='ltr'>vol.</span> <span class='ocrx_word' id='word_1_160' title='bbox 956 1676 1036 1726; x_wconf 76' lang='lat' dir='ltr'>ista.</span> <span class='ocrx_word' id='word_1_161' title='bbox 1069 1678 1201 1726; x_wconf 85' lang='lat' dir='ltr'>Camp.</span> <span class='ocrx_word' id='word_1_162' title='bbox 1225 1691 1259 1712; x_wconf 90' lang='lat' dir='ltr'>v.</span> <span class='ocrx_word' id='word_1_163' title='bbox 1287 1676 1369 1726; x_wconf 78' lang='lat' dir='ltr'>ipsa</span> <span class='ocrx_word' id='word_1_164' title='bbox 1393 1690 1484 1712; x_wconf 88' lang='lat' dir='ltr'>cum</span> 
     </span>
     <span class='ocr_line' id='line_1_22' title="bbox 131 1731 1487 1785; baseline -0.001 -15"><span class='ocrx_word' id='word_1_165' title='bbox 131 1734 252 1770; x_wconf 83' lang='lat' dir='ltr'>Goth.</span> <span class='ocrx_word' id='word_1_166' title='bbox 283 1733 490 1781; x_wconf 77' lang='lat' dir='ltr'>voluptatis</span> <span class='ocrx_word' id='word_1_167' title='bbox 510 1731 578 1781; x_wconf 75' lang='lat' dir='ltr'>zsta</span> <span class='ocrx_word' id='word_1_168' title='bbox 607 1734 712 1771; x_wconf 78' lang='lat' dir='ltr'>Flor.</span> <span class='ocrx_word' id='word_1_169' title='bbox 947 1749 1072 1785; x_wconf 83' lang='lat' dir='ltr'>quam.</span> <span class='ocrx_word' id='word_1_170' title='bbox 1104 1734 1236 1771; x_wconf 76' lang='lat' dir='ltr'>Turic.</span> <span class='ocrx_word' id='word_1_171' title='bbox 1260 1734 1366 1771; x_wconf 83' lang='lat' dir='ltr'>Flor.</span> <span class='ocrx_word' id='word_1_172' title='bbox 1399 1733 1487 1780; x_wconf 78' lang='lat' dir='ltr'>(hic</span> 
     </span>
     <span class='ocr_line' id='line_1_23' title="bbox 132 1790 775 1839; baseline 0 -13"><span class='ocrx_word' id='word_1_173' title='bbox 132 1803 154 1826; x_wconf 76' lang='lat' dir='ltr'>a</span> <span class='ocrx_word' id='word_1_174' title='bbox 171 1803 230 1839; x_wconf 82' lang='lat' dir='ltr'>pr.</span> <span class='ocrx_word' id='word_1_175' title='bbox 250 1791 323 1834; x_wconf 87' lang='lat' dir='ltr'>m.)</span> <span class='ocrx_word' id='word_1_176' title='bbox 346 1790 534 1826; x_wconf 82' lang='lat' dir='ltr'>omittunt</span> <span class='ocrx_word' id='word_1_177' title='bbox 566 1804 653 1827; x_wconf 86' lang='lat' dir='ltr'>cum</span> <span class='ocrx_word' id='word_1_178' title='bbox 673 1790 775 1826; x_wconf 81' lang='lat' dir='ltr'>Alm.</span> 
     </span>
    </p>

    <p class='ocr_par' dir='ltr' id='par_1_5' title="bbox 135 1847 1490 2011">
     <span class='ocr_line' id='line_1_24' title="bbox 222 1847 1490 1890; baseline 0.001 -9"><span class='ocrx_word' id='word_1_179' title='bbox 222 1854 288 1890; x_wconf 80' lang='lat'>25.</span> <span class='ocrx_word' id='word_1_180' title='bbox 318 1847 423 1882; x_wconf 82' lang='lat' dir='ltr'>nulla</span> <span class='ocrx_word' id='word_1_181' title='bbox 445 1847 627 1885; x_wconf 74' lang='lat' dir='ltr'>exaudiri.</span> <span class='ocrx_word' id='word_1_182' title='bbox 660 1849 795 1883; x_wconf 74' lang='lat' dir='ltr'>Turio.</span> <span class='ocrx_word' id='word_1_183' title='bbox 822 1862 860 1885; x_wconf 78' lang='lat' dir='ltr'>n.</span> <span class='ocrx_word' id='word_1_184' title='bbox 884 1849 1094 1889; x_wconf 65' lang='lat' dir='ltr'>amitiit-e,</span> <span class='ocrx_word' id='word_1_185' title='bbox 1123 1862 1143 1883; x_wconf 81' lang='lat' dir='ltr'>a</span> <span class='ocrx_word' id='word_1_186' title='bbox 1165 1849 1233 1883; x_wconf 84' lang='lat' dir='ltr'>sec.</span> <span class='ocrx_word' id='word_1_187' title='bbox 1255 1861 1309 1884; x_wconf 83' lang='lat' dir='ltr'>m.</span> <span class='ocrx_word' id='word_1_188' title='bbox 1344 1848 1490 1883; x_wconf 80' lang='lat' dir='ltr'><em>nullam</em></span> 
     </span>
     <span class='ocr_line' id='line_1_25' title="bbox 135 1902 1490 1954; baseline -0.001 -14"><span class='ocrx_word' id='word_1_189' title='bbox 135 1903 322 1944; x_wconf 69' lang='lat' dir='ltr'>exaudire,</span> <span class='ocrx_word' id='word_1_190' title='bbox 349 1913 386 1938; x_wconf 89' lang='lat' dir='ltr'>et</span> <span class='ocrx_word' id='word_1_191' title='bbox 407 1902 459 1938; x_wconf 82' lang='lat' dir='ltr'>fic</span> <span class='ocrx_word' id='word_1_192' title='bbox 479 1904 612 1951; x_wconf 77' lang='lat' dir='ltr'>Camp.</span> <span class='ocrx_word' id='word_1_193' title='bbox 637 1905 707 1954; x_wconf 85' lang='lat' dir='ltr'>qui</span> <span class='ocrx_word' id='word_1_194' title='bbox 726 1915 762 1940; x_wconf 86' lang='lat' dir='ltr'>et</span> <span class='ocrx_word' id='word_1_195' title='bbox 781 1918 917 1941; x_wconf 81' lang='lat' dir='ltr'>vocem.</span> <span class='ocrx_word' id='word_1_196' title='bbox 938 1905 1043 1941; x_wconf 82' lang='lat' dir='ltr'>Flor.</span> <span class='ocrx_word' id='word_1_197' title='bbox 1067 1904 1105 1952; x_wconf 85' lang='lat' dir='ltr'>(a</span> <span class='ocrx_word' id='word_1_198' title='bbox 1129 1918 1187 1954; x_wconf 84' lang='lat' dir='ltr'>pr.</span> <span class='ocrx_word' id='word_1_199' title='bbox 1208 1905 1281 1948; x_wconf 88' lang='lat' dir='ltr'>m.)</span> <span class='ocrx_word' id='word_1_200' title='bbox 1302 1905 1407 1941; x_wconf 81' lang='lat' dir='ltr'>nulla</span> <span class='ocrx_word' id='word_1_201' title='bbox 1427 1918 1490 1939; x_wconf 77' lang='lat' dir='ltr'>ex·</span> 
     </span>
     <span class='ocr_line' id='line_1_26' title="bbox 135 1958 1345 2011; baseline -0.001 -15"><span class='ocrx_word' id='word_1_202' title='bbox 135 1960 275 1996; x_wconf 71' lang='lat' dir='ltr'>audine.</span> <span class='ocrx_word' id='word_1_203' title='bbox 307 1958 426 1995; x_wconf 81' lang='lat' dir='ltr'>Goth.</span> <span class='ocrx_word' id='word_1_204' title='bbox 457 1974 491 1995; x_wconf 85' lang='lat' dir='ltr'>n.</span> <span class='ocrx_word' id='word_1_205' title='bbox 514 1961 654 1997; x_wconf 78' lang='lat' dir='ltr'>audire.</span> <span class='ocrx_word' id='word_1_206' title='bbox 687 1960 784 1997; x_wconf 79' lang='lat' dir='ltr'>Obr.</span> <span class='ocrx_word' id='word_1_207' title='bbox 816 1962 938 1997; x_wconf 87' lang='lat' dir='ltr'>modo</span> <span class='ocrx_word' id='word_1_208' title='bbox 961 1976 984 1997; x_wconf 85' lang='lat' dir='ltr'><strong><em>a</em></strong></span> <span class='ocrx_word' id='word_1_209' title='bbox 1001 1975 1071 2011; x_wconf 87' lang='lat' dir='ltr'>quo</span> <span class='ocrx_word' id='word_1_210' title='bbox 1097 1974 1171 2010; x_wconf 83' lang='lat' dir='ltr'>pro</span> <span class='ocrx_word' id='word_1_211' title='bbox 1194 1973 1238 1996; x_wconf 76' lang='lat' dir='ltr'>ex</span> <span class='ocrx_word' id='word_1_212' title='bbox 1260 1973 1345 2010; x_wconf 80' lang='lat' dir='ltr'>quo.</span> 
     </span>
    </p>

    <p class='ocr_par' dir='ltr' id='par_1_6' title="bbox 138 2015 1494 2124">
     <span class='ocr_line' id='line_1_27' title="bbox 222 2015 1494 2067; baseline 0.001 -16"><span class='ocrx_word' id='word_1_213' title='bbox 222 2025 260 2051; x_wconf 75' lang='grc' dir='ltr'>οι</span> <span class='ocrx_word' id='word_1_214' title='bbox 285 2029 331 2050; x_wconf 79' lang='lat' dir='ltr'>ex</span> <span class='ocrx_word' id='word_1_215' title='bbox 363 2028 448 2066; x_wconf 81' lang='lat' dir='ltr'>quo.</span> <span class='ocrx_word' id='word_1_216' title='bbox 477 2017 610 2052; x_wconf 79' lang='lat' dir='ltr'>Tui-ic.</span> <span class='ocrx_word' id='word_1_217' title='bbox 642 2016 681 2061; x_wconf 82' lang='lat' dir='ltr'>(a</span> <span class='ocrx_word' id='word_1_218' title='bbox 712 2031 770 2066; x_wconf 85' lang='lat' dir='ltr'>pr.</span> <span class='ocrx_word' id='word_1_219' title='bbox 801 2019 874 2063; x_wconf 89' lang='lat' dir='ltr'>m.)</span> <span class='ocrx_word' id='word_1_220' title='bbox 903 2018 1008 2054; x_wconf 86' lang='lat' dir='ltr'>Flor.</span> <span class='ocrx_word' id='word_1_221' title='bbox 1041 2015 1091 2066; x_wconf 68' lang='lat' dir='ltr'>‘&#39;st</span> <span class='ocrx_word' id='word_1_222' title='bbox 1125 2027 1161 2053; x_wconf 81' lang='lat' dir='ltr'>et</span> <span class='ocrx_word' id='word_1_223' title='bbox 1183 2031 1268 2067; x_wconf 87' lang='lat' dir='ltr'>quo.</span> <span class='ocrx_word' id='word_1_224' title='bbox 1294 2016 1424 2052; x_wconf 77' lang='lat' dir='ltr'>Guelf.</span> <span class='ocrx_word' id='word_1_225' title='bbox 1456 2025 1494 2052; x_wconf 76' lang='lat' dir='ltr'>et</span> 
     </span>
     <span class='ocr_line' id='line_1_28' title="bbox 138 2071 1494 2124; baseline -0.001 -15"><span class='ocrx_word' id='word_1_226' title='bbox 138 2086 159 2109; x_wconf 77' lang='lat' dir='ltr'>e</span> <span class='ocrx_word' id='word_1_227' title='bbox 177 2085 262 2123; x_wconf 78' lang='lat' dir='ltr'>quo.</span> <span class='ocrx_word' id='word_1_228' title='bbox 293 2071 412 2107; x_wconf 88' lang='lat' dir='ltr'>Goth.</span> <span class='ocrx_word' id='word_1_229' title='bbox 433 2075 523 2118; x_wconf 82' lang='lat' dir='ltr'>(tae.</span> <span class='ocrx_word' id='word_1_230' title='bbox 547 2073 678 2119; x_wconf 85' lang='lat' dir='ltr'>Gesn.)</span> <span class='ocrx_word' id='word_1_231' title='bbox 701 2084 737 2109; x_wconf 80' lang='lat' dir='ltr'>et</span> <span class='ocrx_word' id='word_1_232' title='bbox 760 2088 804 2111; x_wconf 73' lang='lat' dir='ltr'>ex</span> <span class='ocrx_word' id='word_1_233' title='bbox 827 2089 911 2124; x_wconf 81' lang='lat' dir='ltr'>qua.</span> <span class='ocrx_word' id='word_1_234' title='bbox 941 2075 1040 2114; x_wconf 84' lang='lat' dir='ltr'>Jens.</span> <span class='ocrx_word' id='word_1_235' title='bbox 1066 2076 1157 2120; x_wconf 82' lang='lat' dir='ltr'>(tac.</span> <span class='ocrx_word' id='word_1_236' title='bbox 1175 2074 1310 2119; x_wconf 73' lang='lat' dir='ltr'>Gesn.)</span> <span class='ocrx_word' id='word_1_237' title='bbox 1342 2081 1494 2123; x_wconf 73' lang='lat' dir='ltr'>poterae</span> 
     </span>
    </p>
   </div>
   <div class='ocr_carea' id='block_1_4' title="bbox 136 2195 1498 2573">
    <p class='ocr_par' dir='ltr' id='par_1_7' title="bbox 136 2195 1498 2573">
     <span class='ocr_line' id='line_1_29' title="bbox 196 2195 1496 2246; baseline 0.002 -15"><span class='ocrx_word' id='word_1_238' title='bbox 196 2203 363 2231; x_wconf 76' lang='lat' dir='ltr'>avocent.</span> <span class='ocrx_word' id='word_1_239' title='bbox 406 2195 607 2232; x_wconf 82' lang='lat' dir='ltr'>Vomanus</span> <span class='ocrx_word' id='word_1_240' title='bbox 637 2197 680 2231; x_wconf 87' lang='lat' dir='ltr'>in</span> <span class='ocrx_word' id='word_1_241' title='bbox 708 2198 787 2232; x_wconf 81' lang='lat' dir='ltr'>An·</span> <span class='ocrx_word' id='word_1_242' title='bbox 846 2199 921 2245; x_wconf 85' lang='lat' dir='ltr'>Qu.</span> <span class='ocrx_word' id='word_1_243' title='bbox 959 2210 1031 2239; x_wconf 84' lang='lat'>12,</span> <span class='ocrx_word' id='word_1_244' title='bbox 1089 2211 1123 2232; x_wconf 87' lang='lat'>1.</span> <span class='ocrx_word' id='word_1_245' title='bbox 1186 2197 1323 2246; x_wconf 84' lang='lat' dir='ltr'>ibique</span> <span class='ocrx_word' id='word_1_246' title='bbox 1361 2199 1496 2234; x_wconf 80' lang='lat' dir='ltr'>Burm.</span> 
     </span>
     <span class='ocr_line' id='line_1_30' title="bbox 141 2251 1496 2302; baseline 0.003 -14"><span class='ocrx_word' id='word_1_247' title='bbox 141 2251 239 2289; x_wconf 81' lang='lat' dir='ltr'>thol.</span> <span class='ocrx_word' id='word_1_248' title='bbox 267 2252 400 2286; x_wconf 87' lang='lat' dir='ltr'>Burm.</span> <span class='ocrx_word' id='word_1_249' title='bbox 429 2252 511 2290; x_wconf 85' lang='grc' dir='ltr'>ΙΙΙ,</span> <span class='ocrx_word' id='word_1_250' title='bbox 554 2259 618 2294; x_wconf 82' lang='lat'>5²·</span> <span class='ocrx_word' id='word_1_251' title='bbox 674 2253 786 2293; x_wconf 87' lang='lat' dir='ltr'>„Ob-</span> <span class='ocrx_word' id='word_1_252' title='bbox 844 2254 940 2289; x_wconf 87' lang='lat' dir='ltr'>item</span> <span class='ocrx_word' id='word_1_253' title='bbox 983 2256 1115 2289; x_wconf 80' lang='lat' dir='ltr'>senec.</span> <span class='ocrx_word' id='word_1_254' title='bbox 1158 2265 1254 2302; x_wconf 75' lang='lat' dir='ltr'>patr.</span> <span class='ocrx_word' id='word_1_255' title='bbox 1305 2254 1496 2292; x_wconf 85' lang='lat' dir='ltr'>Controv.</span> 
     </span>
     <span class='ocr_line' id='line_1_31' title="bbox 137 2306 1495 2358; baseline 0.003 -14"><span class='ocrx_word' id='word_1_256' title='bbox 137 2307 278 2350; x_wconf 82' lang='lat' dir='ltr'>„lectat</span> <span class='ocrx_word' id='word_1_257' title='bbox 298 2306 449 2348; x_wconf 82' lang='lat' dir='ltr'>hortus,</span> <span class='ocrx_word' id='word_1_258' title='bbox 482 2318 630 2348; x_wconf 81' lang='lat' dir='ltr'>avocat,</span> <span class='ocrx_word' id='word_1_259' title='bbox 656 2309 786 2357; x_wconf 85' lang='lat' dir='ltr'>pascit,</span> <span class='ocrx_word' id='word_1_260' title='bbox 843 2310 869 2345; x_wconf 90' lang='lat' dir='ltr'>l.</span> <span class='ocrx_word' id='word_1_261' title='bbox 887 2317 922 2352; x_wconf 85' lang='lat'>5.</span> <span class='ocrx_word' id='word_1_262' title='bbox 945 2310 1063 2358; x_wconf 83' lang='lat' dir='ltr'>praef.</span> <span class='ocrx_word' id='word_1_263' title='bbox 1085 2309 1193 2345; x_wconf 82' lang='lat' dir='ltr'>Duk.</span> <span class='ocrx_word' id='word_1_264' title='bbox 1218 2312 1265 2347; x_wconf 80' lang='lat' dir='ltr'>ad</span> <span class='ocrx_word' id='word_1_265' title='bbox 1285 2309 1390 2346; x_wconf 85' lang='lat' dir='ltr'>Flor.</span> <span class='ocrx_word' id='word_1_266' title='bbox 1406 2322 1443 2351; x_wconf 82' lang='lat'>2,</span> <span class='ocrx_word' id='word_1_267' title='bbox 1461 2326 1495 2348; x_wconf 82' lang='lat'>1.</span> 
     </span>
     <span class='ocr_line' id='line_1_32' title="bbox 136 2363 1497 2417; baseline 0.002 -16"><span class='ocrx_word' id='word_1_268' title='bbox 136 2368 324 2407; x_wconf 81' lang='lat' dir='ltr'>,‚tenet;“</span> <span class='ocrx_word' id='word_1_269' title='bbox 387 2376 503 2411; x_wconf 85' lang='lat' dir='ltr'>quam</span> <span class='ocrx_word' id='word_1_270' title='bbox 559 2363 784 2413; x_wconf 82' lang='lat' dir='ltr'>scripturam</span> <span class='ocrx_word' id='word_1_271' title='bbox 844 2366 954 2401; x_wconf 81' lang='lat' dir='ltr'>G-esn.</span> <span class='ocrx_word' id='word_1_272' title='bbox 978 2366 1088 2401; x_wconf 83' lang='lat' dir='ltr'>Thes.</span> <span class='ocrx_word' id='word_1_273' title='bbox 1119 2380 1159 2401; x_wconf 81' lang='lat' dir='ltr'>v.</span> <span class='ocrx_word' id='word_1_274' title='bbox 1182 2368 1315 2403; x_wconf 86' lang='lat' dir='ltr'>Bonus</span> <span class='ocrx_word' id='word_1_275' title='bbox 1338 2380 1378 2417; x_wconf 88' lang='lat' dir='ltr'>p.</span> <span class='ocrx_word' id='word_1_276' title='bbox 1401 2367 1497 2412; x_wconf 85' lang='lat'>625.</span> 
     </span>
     <span class='ocr_line' id='line_1_33' title="bbox 137 2421 1496 2474; baseline 0.002 -17"><span class='ocrx_word' id='word_1_277' title='bbox 137 2421 199 2458; x_wconf 83' lang='lat' dir='ltr'>ibi</span> <span class='ocrx_word' id='word_1_278' title='bbox 234 2422 481 2456; x_wconf 83' lang='lat' dir='ltr'>Burmannus</span> <span class='ocrx_word' id='word_1_279' title='bbox 520 2435 540 2456; x_wconf 85' lang='lat' dir='ltr'>e</span> <span class='ocrx_word' id='word_1_280' title='bbox 577 2421 690 2457; x_wconf 87' lang='lat' dir='ltr'>codd.</span> <span class='ocrx_word' id='word_1_281' title='bbox 728 2436 786 2467; x_wconf 47' lang='lat' dir='ltr'>ref</span> <span class='ocrx_word' id='word_1_282' title='bbox 843 2423 1047 2458; x_wconf 88' lang='lat' dir='ltr'>Interdum</span> <span class='ocrx_word' id='word_1_283' title='bbox 1094 2423 1300 2474; x_wconf 80' lang='lat' dir='ltr'>respondet</span> <span class='ocrx_word' id='word_1_284' title='bbox 1346 2424 1496 2460; x_wconf 77' lang='lat' dir='ltr'>Graeco</span> 
     </span>
     <span class='ocr_line' id='line_1_34' title="bbox 136 2477 1498 2528; baseline 0.004 -16"><span class='ocrx_word' id='word_1_285' title='bbox 136 2477 268 2527; x_wconf 70' lang='lat' dir='ltr'>posuit</span> <span class='ocrx_word' id='word_1_286' title='bbox 297 2487 335 2511; x_wconf 86' lang='lat' dir='ltr'>et</span> <span class='ocrx_word' id='word_1_287' title='bbox 355 2477 484 2512; x_wconf 87' lang='lat' dir='ltr'>nostro</span> <span class='ocrx_word' id='word_1_288' title='bbox 515 2490 670 2526; x_wconf 89' lang='lat' dir='ltr'>quoque</span> <span class='ocrx_word' id='word_1_289' title='bbox 693 2478 782 2515; x_wconf 90' lang='lat' dir='ltr'>loco</span> <span class='ocrx_word' id='word_1_290' title='bbox 842 2477 1015 2525; x_wconf 76' lang='grc' dir='ltr'>ἀτεχνῶς,</span> <span class='ocrx_word' id='word_1_291' title='bbox 1050 2493 1130 2515; x_wconf 86' lang='lat' dir='ltr'>non</span> <span class='ocrx_word' id='word_1_292' title='bbox 1152 2479 1311 2528; x_wconf 83' lang='lat' dir='ltr'>quidem</span> <span class='ocrx_word' id='word_1_293' title='bbox 1332 2479 1412 2521; x_wconf 85' lang='lat' dir='ltr'>hic,</span> <span class='ocrx_word' id='word_1_294' title='bbox 1435 2481 1498 2517; x_wconf 85' lang='lat' dir='ltr'>sed</span> 
     </span>
     <span class='ocr_line' id='line_1_35' title="bbox 138 2533 1495 2573; baseline 0.003 -4"><span class='ocrx_word' id='word_1_295' title='bbox 138 2533 334 2573; x_wconf 76' lang='lat' dir='ltr'>firmavit3</span> <span class='ocrx_word' id='word_1_296' title='bbox 383 2546 472 2569; x_wconf 79' lang='lat' dir='ltr'>nam</span> <span class='ocrx_word' id='word_1_297' title='bbox 508 2535 669 2570; x_wconf 73' lang='lat' dir='ltr'>advocat</span> <span class='ocrx_word' id='word_1_298' title='bbox 699 2535 787 2571; x_wconf 77' lang='lat' dir='ltr'>illic</span> <span class='ocrx_word' id='word_1_299' title='bbox 845 2535 917 2570; x_wconf 81' lang='lat' dir='ltr'>isso</span> <span class='ocrx_word' id='word_1_300' title='bbox 956 2534 1157 2571; x_wconf 78' lang='lat' dir='ltr'>declamm.</span> <span class='ocrx_word' id='word_1_301' title='bbox 1192 2535 1296 2573; x_wconf 90' lang='lat' dir='ltr'>loco.</span> <span class='ocrx_word' id='word_1_302' title='bbox 1359 2538 1495 2573; x_wconf 86' lang='lat' dir='ltr'>Minus</span> 
     </span>
    </p>
   </div>
   <div class='ocr_carea' id='block_1_5' title="bbox 136 2589 1497 2755">
    <p class='ocr_par' dir='ltr' id='par_1_8' title="bbox 136 2589 1497 2755">
     <span class='ocr_line' id='line_1_36' title="bbox 139 2589 1497 2644; baseline 0.004 -19"><span class='ocrx_word' id='word_1_303' title='bbox 139 2590 254 2625; x_wconf 77' lang='lat' dir='ltr'>etiam</span> <span class='ocrx_word' id='word_1_304' title='bbox 278 2589 483 2639; x_wconf 80' lang='lat' dir='ltr'>vulgatum</span> <span class='ocrx_word' id='word_1_305' title='bbox 507 2601 598 2626; x_wconf 80' lang='lat' dir='ltr'>erat.</span> <span class='ocrx_word' id='word_1_306' title='bbox 843 2602 945 2627; x_wconf 87' lang='lat' dir='ltr'>recte</span> <span class='ocrx_word' id='word_1_307' title='bbox 968 2590 1034 2628; x_wconf 84' lang='lat' dir='ltr'>hic</span> <span class='ocrx_word' id='word_1_308' title='bbox 1049 2593 1193 2628; x_wconf 82' lang='lat' dir='ltr'>Badius</span> <span class='ocrx_word' id='word_1_309' title='bbox 1216 2593 1497 2644; x_wconf 73' lang='lat' dir='ltr'>interpretatur</span> 
     </span>
     <span class='ocr_line' id='line_1_37' title="bbox 194 2646 1259 2698; baseline 0.003 -17"><span class='ocrx_word' id='word_1_310' title='bbox 194 2647 291 2682; x_wconf 85' lang='lat' dir='ltr'>bona</span> <span class='ocrx_word' id='word_1_311' title='bbox 332 2646 430 2695; x_wconf 80' lang='lat' dir='ltr'>fide.</span> <span class='ocrx_word' id='word_1_312' title='bbox 490 2647 517 2682; x_wconf 81' lang='lat' dir='ltr'>i.</span> <span class='ocrx_word' id='word_1_313' title='bbox 558 2661 588 2683; x_wconf 84' lang='lat' dir='ltr'>e.</span> <span class='ocrx_word' id='word_1_314' title='bbox 657 2647 784 2697; x_wconf 84' lang='lat' dir='ltr'>plane,</span> <span class='ocrx_word' id='word_1_315' title='bbox 835 2647 970 2698; x_wconf 84' lang='lat' dir='ltr'>sedulo</span> <span class='ocrx_word' id='word_1_316' title='bbox 996 2655 1032 2683; x_wconf 73' lang='lat' dir='ltr'>et</span> <span class='ocrx_word' id='word_1_317' title='bbox 1051 2649 1259 2698; x_wconf 79' lang='lat' dir='ltr'>diligenter.</span> 
     </span>
     <span class='ocr_line' id='line_1_38' title="bbox 136 2703 1493 2755; baseline 0.004 -18"><span class='ocrx_word' id='word_1_318' title='bbox 136 2703 302 2750; x_wconf 78' lang='lat' dir='ltr'>prorsus.</span> <span class='ocrx_word' id='word_1_319' title='bbox 333 2704 402 2746; x_wconf 68' lang='lat' dir='ltr'><em>(cla</em></span> <span class='ocrx_word' id='word_1_320' title='bbox 422 2707 510 2739; x_wconf 76' lang='lat' dir='ltr'>&#39;vero</span> <span class='ocrx_word' id='word_1_321' title='bbox 534 2704 701 2739; x_wconf 81' lang='lat' dir='ltr'>Forcell.</span> <span class='ocrx_word' id='word_1_322' title='bbox 737 2719 786 2740; x_wconf 81' lang='lat' dir='ltr'>ex</span> <span class='ocrx_word' id='word_1_323' title='bbox 900 2713 964 2748; x_wconf 85' lang='lat'>25.</span> <span class='ocrx_word' id='word_1_324' title='bbox 987 2703 1246 2753; x_wconf 75' lang='lat' dir='ltr'>Demosthenes</span> <span class='ocrx_word' id='word_1_325' title='bbox 1267 2707 1409 2746; x_wconf 82' lang='lat' dir='ltr'>melius,</span> <span class='ocrx_word' id='word_1_326' title='bbox 1429 2709 1493 2755; x_wconf 78' lang='lat' dir='ltr'>qui</span> 
     </span>
    </p>
   </div>
   <div class='ocr_carea' id='block_1_6' title="bbox 136 2758 1491 2812">
    <p class='ocr_par' dir='ltr' id='par_1_9' title="bbox 136 2758 1491 2812">
     <span class='ocr_line' id='line_1_39' title="bbox 136 2758 1491 2812; baseline 0.004 -19"><span class='ocrx_word' id='word_1_327' title='bbox 136 2758 264 2794; x_wconf 78' lang='lat' dir='ltr'>nostro</span> <span class='ocrx_word' id='word_1_328' title='bbox 305 2758 438 2807; x_wconf 77' lang='lat'>1000.)</span> <span class='ocrx_word' id='word_1_329' title='bbox 510 2760 567 2797; x_wconf 90' lang='lat' dir='ltr'>Cf.</span> <span class='ocrx_word' id='word_1_330' title='bbox 606 2761 782 2798; x_wconf 75' lang='lat' dir='ltr'>Declam.</span> <span class='ocrx_word' id='word_1_331' title='bbox 835 2760 1186 2812; x_wconf 73' lang='lat' dir='ltr'>se—recondchat.</span> <span class='ocrx_word' id='word_1_332' title='bbox 1218 2763 1267 2799; x_wconf 83' lang='lat' dir='ltr'>cf.</span> <span class='ocrx_word' id='word_1_333' title='bbox 1286 2776 1350 2804; x_wconf 81' lang='grc' dir='ltr'>ιι.</span> <span class='ocrx_word' id='word_1_334' title='bbox 1365 2771 1403 2808; x_wconf 83' lang='lat'>5,</span> <span class='ocrx_word' id='word_1_335' title='bbox 1426 2769 1491 2807; x_wconf 77' lang='grc'>54.</span> 
     </span>
    </p>
   </div>
  </div>
 </body>
</html>
