1676 3028
345 170 510 218 INST.
547 169 827 217 ORATOR.
861 169 984 214 LIB.
1020 168 1092 225 X,
1138 167 1184 213 6.
1280 193 1315 202 ··
1349 181 1442 228 ¹91

1249 295 1446 361 Neque

31 346 35 357 ,
91 301 330 369 cogitatis
369 299 589 349 demum
623 296 695 346 est
731 295 1157 360 inhaerendum:

13 391 18 395 '
89 381 235 429 enim
259 387 470 428 tantum
495 376 692 424 habent
717 391 887 434 curae,
926 386 989 424 ut
1015 391 1128 424 non
1148 373 1212 422 sit
1234 373 1446 423 dandus

23 511 25 515 ,
89 467 145 509 et
164 454 413 504 fortunae
440 455 606 511 locus,
635 469 755 502 cum
780 451 928 518 saepe
955 453 1115 500 etiam
1136 450 1342 519 scriptis
1365 467 1443 509 ea,

47 574 49 576 .
88 522 240 599 quae‘
253 530 426 582 subito
464 541 583 579 nata
612 528 757 588 sunt,
814 528 1125 579 inserantur.
1203 529 1444 594 Ideoque

87 620 266 660 totum
309 609 414 658 hoc
449 608 834 656 exercitationis
870 623 1037 673 genus
1067 610 1140 656 ita
1161 605 1444 655 instituen-

89 686 223 736 dum
246 683 343 743 est,
373 695 434 734 ut
457 696 507 733 et
529 684 737 750 digredi
759 701 823 733 ex
849 701 940 742 eo,
979 695 1032 733 et
1067 683 1278 750 regredi
1303 685 1361 732 in
1384 682 1442 733 id

89 761 246 812 facile
282 761 541 828 poffimus.
620 763 759 810 Nam
794 770 854 811 ut
886 762 1126 829 primum
1146 759 1234 819 est,
1276 760 1443 810 domo
1467 762 1492 799 6

91 836 277 888 afferre
320 850 551 904 paratam
589 838 804 887 dicendi
852 840 1086 904 copiam,
1137 849 1189 888 et
1219 849 1443 887 certam:

89 917 161 965 ita
192 914 424 964 refutare
463 917 720 980 temporis
755 932 979 965 munera
1022 917 1182 982 longe
1221 913 1447 965 stultiffi-

87 1009 239 1042 mum
263 990 350 1040 est.
409 997 584 1063 Quare
607 995 856 1062 cogitatio
875 994 934 1041 in
955 994 1060 1042 hoc
1085 1003 1446 1059 praeparetur,

85 1137 187 1184 (non
219 1136 323 1173 Flor.
365 1137 412 1173 cf.
454 1148 524 1178 ιο,
558 1143 603 1179 5,
634 1136 722 1183 20.)
759 1137 887 1172 Fuiss'e
929 1137 1030 1173 colos
1059 1137 1267 1185 suspicatur
1294 1139 1443 1178 Burin„

86 1207 168 1231 non
195 1205 280 1241 ego.
343 1197 403 1229 An
433 1192 833 1243 aliqui—effulserint
864 1195 1131 1243 extemporales
1165 1194 1339 1229 colores?
1368 1195 1443 1230 Sed

86 1250 166 1297 1190
198 1250 454 1299 displicuerit.
732 1251 888 1299 regredi.
935 1252 999 1287 Sic
1033 1250 1166 1287 Turic.
1199 1254 1237 1295 (a
1267 1252 1337 1289 sec.
1368 1253 1445 1298 m.)

89 1307 223 1355 Camp.
249 1319 336 1342 cum
357 1306 474 1343 palat.
497 1306 622 1343 Gebh.
644 1309 678 1343 A
699 1321 758 1356 pr.
781 1306 851 1342 ille
872 1320 959 1343 cum
981 1307 1087 1343 Flor.
1119 1307 1210 1346 redi,
1243 1308 1312 1356 qui
1334 1321 1353 1342 a
1374 1309 1443 1343 sec.

87 1375 142 1399 m.
179 1363 309 1403 redire,
345 1375 383 1399 et
400 1364 451 1399 sic
471 1363 626 1412 reliqui.

176 1419 212 1456 6.
245 1429 287 1454 ut
315 1422 487 1469 primum.
527 1421 662 1456 Turic-
695 1429 731 1456 et
760 1422 896 1469 primo.
1131 1420 1258 1455 domo.
1310 1420 1443 1456 Turic-

85 1475 191 1513 Flor.
225 1476 304 1518 (sed
335 1477 377 1511 in
401 1475 479 1511 hoc
502 1477 731 1513 recentioris
762 1477 841 1513 hoc
862 1489 1000 1512 manus
1031 1475 1104 1511 effe
1125 1487 1314 1517 narratur,
1347 1490 1445 1525 quae

85 1544 258 1569 veterem
281 1533 508 1581 scripturam
534 1533 708 1579 eraserit)
729 1533 857 1571 Guelf.
879 1533 1044 1568 domum.
1268 1532 1445 1581 refutare.

86 1589 221 1626 Turic-
242 1589 346 1625 Flor.
367 1602 424 1624 res
446 1588 574 1637 futuri
598 1603 687 1625 cum
709 1590 813 1626 Alm.
844 1589 955 1626 Alter
987 1604 1007 1624 a
1026 1590 1103 1625 sec.
1125 1604 1178 1626 m.
1207 1589 1376 1638 refutari,
1409 1601 1449 1627 et

85 1646 139 1682 fic
168 1644 301 1687 Guelf,
326 1646 446 1682 Goth.
483 1647 581 1685 Jens.
617 1650 704 1688 (tac.
736 1647 868 1693 Gesn.)
902 1659 993 1682 cum
1023 1646 1127 1685 Voff.
1158 1661 1193 1683 1.
1217 1657 1254 1684 2.
1275 1658 1326 1683 ‘et
1359 1647 1446 1683 edd.

85 1701 245 1752 posterr-
271 1713 357 1738 ante
380 1701 466 1738 Ald.
497 1703 570 1738 Sed
592 1704 723 1751 Camp.
752 1702 886 1753 fucari.
1125 1718 1288 1739 munera.
1310 1704 1446 1740 Turio.

87 1758 248 1795 omittit.
471 1756 735 1809 fiultiffimum.
777 1760 913 1796 Turio.
940 1765 977 1804 (a
1002 1761 1072 1796 sec.
1094 1763 1167 1809 m.)
1188 1757 1419 1811 stultzſjima.

86 1871 374 1922 extemporalis?-
401 1871 470 1908 ille
489 1873 652 1922 speciem
677 1875 741 1910 dat

87 1940 136 1963 ex
151 1925 326 1977 tempore
344 1929 443 1965 fusae
461 1930 661 1971 orationis,
673 1930 738 1966 hic

797 1872 949 1917 λῆκυθοι
980 1873 1052 1919 (ib.
1089 1888 1132 1914 1,
1190 1873 1287 1922 14).
1350 1875 1450 1910 Mox

796 1931 922 1966 noster
950 1944 1012 1971 10,
1043 1941 1081 1974 7,
1115 1940 1151 1974 7.
1187 1931 1451 1980 „scriptorum

86 1996 135 2019 ex
152 1984 234 2034 ipso
253 1987 312 2022 rei
334 1986 541 2034 praesentis
557 1986 740 2022 instinctu

87 2039 284 2076 oboritur.
329 2043 493 2090 Proprie
513 2043 738 2090 usurpantes

85 2096 246 2131 colorem
299 2097 475 2133 rhetores
526 2098 738 2134 simulatio-

85 2164 176 2187 nem
199 2153 322 2200 magis
343 2154 585 2200 significant,
620 2167 734 2202 quam

86 2218 293 2249 ornamm3
336 2208 474 2244 latiore
520 2209 588 2245 usu
636 2211 739 2245 color

85 2263 284 2299 tribuetur
314 2264 475 2313 lingulis
506 2264 547 2311 in
570 2265 736 2301 dicendo

15 2343 33 2368 .‘
83 2317 204 2361 locis,
238 2321 309 2369 qui
346 2319 596 2370 exquisitiore
630 2321 736 2357 cultu

81 2375 296 2416 nitescunt,
351 2378 551 2425 ¹quaedam
624 2377 736 2414 velut

83 2433 223 2468 orandi
242 2434 470 2470 munditiae.
517 2436 575 2469 Ita
595 2434 733 2470 Cicero

81 2487 326 2538 Pompejum,
342 2491 542 2526 conferens
564 2491 651 2525 eum
681 2502 733 2527 ta-

82 2541 196 2580 bulae
229 2547 362 2594 magni
382 2547 583 2594 cujusdam
608 2547 732 2595 picto-

81 2598 146 2640 ris,
179 2603 391 2643 „omnibus
425 2617 445 2637 a
470 2604 503 2638 se
524 2604 674 2652 pictum
696 2615 733 2639 et

80 2653 275 2702 ..politum
313 2660 406 2696 artis
436 2661 645 2695 coloribus“
676 2661 730 2696 ait

77 2710 148 2755 (ad
168 2713 245 2751 Att.
266 2723 303 2755 2,
336 2717 433 2761 21.).
476 2719 574 2752 Sunt
597 2716 727 2766 quales

798 1988 1015 2028 „colorem“
1058 2000 1174 2035 quem
1213 1987 1370 2028 „subito
1398 1987 1451 2022 ef-

796 2044 903 2084 ,‚fusa
924 2043 1115 2079 reddant“
1144 2043 1338 2091 significat
1365 2043 1450 2092 qui-

797 2099 884 2134 dem
918 2101 1107 2148 speciem,
1171 2100 1233 2135 sed
1276 2111 1451 2135 ornatam

797 2156 958 2191 eandem
991 2168 1027 2191 et
1065 2155 1269 2204 splendore
1315 2156 1449 2204 aliquo

796 2212 1055 2247 renidentem.
1135 2213 1359 2247 Laudatum
1407 2214 1451 2248 in

797 2267 1148 2315 extemporalibus,
1181 2281 1262 2303 non
1288 2268 1452 2316 quidem

796 2322 1031 2365 Gallionem,
1059 2324 1119 2358 sed
1142 2323 1309 2360 camum
1334 2326 1448 2360 Seve-

795 2391 898 2421 rum,
924 2381 1063 2428 suaque
1085 2392 1307 2429 praeparata
1329 2379 1448 2429 longe

794 2437 1107 2478 antecedentem,
1139 2437 1239 2486 apud
1263 2439 1448 2473 Senecam

790 2503 941 2540 patrem
973 2493 1109 2542 (praef.
1134 2493 1203 2529 lib.
1227 2495 1320 2529 Exc.
1343 2494 1446 2529 Con-

792 2552 984 2594 trovv.5.)
999 2550 1229 2586 demonstrat
1243 2551 1444 2587 Gesnerus.

850 2605 886 2640 6.
938 2606 1115 2653 refutare.
1178 2605 1300 2645 Valde
1349 2605 1444 2641 huic

790 2661 903 2697 verbi
925 2663 1102 2710 potestati
1125 2663 1310 2711 congruit
1331 2662 1442 2698 locus

789 2718 990 2754 Ciceronis
1010 2733 1084 2768 pro
1104 2721 1235 2756 Rabir.
1261 2718 1359 2755 Post.
1377 2718 1440 2755 16,
