1676 3028
343 193 509 241 1Nsr.
555 191 835 241 ORATOR.
873 189 999 237 Lm.
1042 175 1115 248 x',
1162 203 1206 236 1.
1385 203 1449 248 δι

68 322 380 390 ‘nabuntun
461 321 701 371 Alterum
734 317 876 368 illud
912 319 1070 368 etiam
1091 318 1242 384 prius
1267 316 1448 368 satirae

94 391 292 468 genus,
327 398 417 448 sed
453 415 566 447 non
595 396 702 446 sola
724 398 1022 446 carminum
1039 396 1287 444 varietate
1314 397 1453 445 mix-

22 535 34 544 „
93 473 222 528 tum⁸
245 475 489 528 condidit
532 476 797 524 Terentius
831 476 1036 531 Varro,
1075 473 1161 521 vir
1179 475 1451 523 Romano-

87 571 219 615 ‚rum
255 551 639 604 eruditiffimus.
741 551 1009 600 Plurimos
1049 549 1139 598 hic
1182 550 1348 600 libros
1397 560 1450 599 et

95 629 412 682 doctiffimos
462 627 782 695 composuit,
853 625 1184 694 peritissimus
1232 628 1449 692 linguae

94 710 328 766 Latinae,
369 717 422 756 et
445 706 618 757 omnis
639 704 980 771 antiquitatis,
1013 715 1065 752 et
1086 721 1267 754 rerum
1292 707 1451 753 Grae-

99 802 304 843 carum,
350 781 784 848 nostrarumque,
833 783 956 848 plus
998 791 1173 841 tamen
1203 780 1450 830 scientiae

98 861 412 919 collaturus,
463 876 626 926 quam
658 860 1009 926 eloquentiae.
1095 858 1307 908 Iambus
1337 875 1451 908 non

182 1020 246 1062 95.
277 1014 393 1048 etiam
419 1029 476 1039 -
495 1009 578 1060 sed.
653 1011 717 1047 Sic
744 1010 842 1047 libri
872 1023 1007 1047 ornnes
1040 1021 1077 1046 et
1104 1011 1186 1046 mei
1211 1021 1250 1047 et
1278 1010 1449 1047 aliorum

95 1080 182 1107 ante
202 1068 286 1105 Ald.
309 1069 379 1117 qui
401 1068 550 1117 recepit
568 1068 780 1117 Regianam
803 1068 1112 1103 emendationem
1135 1064 1186 1114 qfi*
1207 1075 1247 1102 et
1264 1087 1319 1094 —
1336 1068 1448 1114 quod,

95 1140 187 1164 cum
217 1125 400 1161 omnibus
431 1123 516 1161 rell.
549 1137 629 1160 exe.
659 1123 766 1159 Bafil.
798 1120 849 1171 efi
878 1126 994 1159 etiam
1023 1123 1113 1159 dare
1142 1134 1320 1159 narratur
1345 1124 1450 1159 Alm-

93 1197 159 1220 me
181 1181 339 1232 quidem
359 1179 565 1217 incredulo
579 1207 588 1222 ,
620 1193 707 1216 cum
730 1179 834 1215 nihil
856 1179 930 1216 tale
949 1181 993 1216 fit
1014 1179 1057 1215 in
1076 1178 1180 1223 Flor,
1204 1179 1271 1226 (cf.
1294 1184 1328 1227 §.
1350 1181 1449 1227 94).

95 1240 197 1291 quod
215 1251 288 1288 pro
301 1236 383 1287 sed,
403 1238 473 1273 nifi
495 1237 573 1286 ipse
598 1237 824 1278 dormitavi,
848 1236 965 1272 habet
986 1237 1118 1284 Camp.

252 1292 379 1330 Guelf.
411 1291 671 1342 erudstiffimos
714 1305 801 1328 cum
837 1293 943 1330 Voss'.
977 1302 1015 1336 5.

97 1351 271 1399 ejusdem
291 1349 488 1400 potestatis
509 1363 625 1386 voces
647 1353 681 1398 §-
703 1349 769 1395 86.
793 1355 857 1398 98.

94 1309 185 1332 mos·

97 1411 146 1453 (a
175 1408 243 1444 sec.
272 1408 356 1450 m.)
391 1403 586 1455 gestarum.
650 1420 655 1425 ·

1281 1234 1451 1290 d⁰⁶⁶iffiss

1081 1292 1184 1329 Vide
1214 1303 1451 1342 permutatas

1018 1349 1253 1385 Graecarum.
1315 1350 1452 1386 Turic-

821 1406 1034 1446 collaturus,
1065 1419 1175 1453 quam
1205 1406 1450 1455 eloquentiae.

97 1464 230 1502 Turio.
247 1462 352 1499 Flor.
377 1463 396 1509 (
409 1461 475 1498 hie
494 1477 514 1498 a
534 1475 594 1511 pr.
619 1463 702 1506 m.)
732 1462 942 1504 omittunt,
975 1474 1064 1497 cum
1087 1460 1194 1504 Alm,

96 1607 245 1637 autem,
284 1608 453 1645 quorum
485 1593 552 1630 hic
582 1595 744 1631 nomina

95 1653 256 1691 reticeat
285 1652 430 1693 noster,
462 1664 542 1687 non
566 1652 617 1687 est
636 1652 744 1687 dictu

96 1708 232 1751 facile,
283 1719 327 1745 ut
371 1721 442 1744 nec
488 1706 609 1744 altero
652 1707 743 1744 loco

97 1766 304 1816 quisquam
349 1765 555 1801 divinavit.
624 1766 745 1803 Juve-

97 1821 246 1862 nalem,
274 1822 386 1869 cujus
410 1821 490 1857 fere
512 1820 555 1856 in
573 1831 745 1856 mentem

95 1878 233 1916 venire
253 1877 348 1915 solet
365 1877 656 1926 interpretibus,
678 1877 747 1913 hic

97 1947 179 1972 non
215 1933 398 1984 intelligi,
430 1934 515 1969 ratis
547 1933 686 1981 liquet,
719 1934 746 1968 fi

96 2002 191 2028 vera
219 1991 305 2028 sunt
335 2003 432 2040 quae
459 1990 745 2041 disputavimus

97 2047 142 2083 in
171 2047 289 2097 praef.
320 2047 445 2083 nostra
474 2057 528 2083 to.
558 2048 590 2082 Ι.
621 2059 659 2095 p.
690 2055 741 2090 32

99 2102 201 2152 seqq.
281 2105 388 2139 Intra
438 2102 568 2138 satirae
615 2113 744 2138 autem

99 2157 305 2207 scriptores
333 2170 490 2211 onmem
520 2156 619 2192 hanc
648 2169 746 2205 quae

100 2227 206 2251 nunc
240 2213 285 2250 fit
315 2213 511 2249 censuram
538 2213 748 2248 coercitam

103 2271 196 2310 effe,
244 2281 360 2306 nemo
394 2269 576 2305 attentior
607 2279 748 2317 neget;

101 2338 222 2376 quare
240 2339 311 2362 nec
331 2325 549 2361 Martialem
574 2337 663 2360 cum
682 2323 749 2359 Al-

99 2382 327 2420 melovenio
374 2379 629 2430 fignificatum
669 2392 749 2416 cre·

102 2438 203 2478 dam.

159 2513 226 2559 95.
255 2506 425 2542 Alterum
457 2505 551 2541 illud
578 2524 635 2533 —
663 2518 748 2541 corz-

103 2563 202 2598 didit
227 2563 421 2600 Terentius
445 2562 575 2598 Varro.
638 2564 748 2598 Hanc

104 2632 200 2668 quae
242 2618 293 2656 est
329 2629 464 2659 vetus,
519 2619 748 2667 scripturam

102 2676 270 2725 probans
303 2676 491 2712 Gesnerus
519 2675 748 2724 interpreta-

104 2741 168 2767 tur
200 2734 305 2781 prius⁴
345 2732 449 2786 quali
489 2730 641 2767 dictum
673 2746 748 2783 pro

164 2787 269 2824 Tom-
298 2787 368 2824 JV.

798 1591 1072 1645 praestantius,
1113 1607 1204 1630 cum
1234 1594 1452 1632 casauboni

800 1653 900 1688 ratio
924 1652 989 1697 (de
1004 1654 1078 1687 Sat.
1094 1661 1130 1690 2,
1147 1662 1182 1687 2.
1211 1665 1297 1700 pag.
1314 1652 1447 1689 Ramb.

808 1710 928 1755 199.)
965 1708 1136 1743 vocandi
1168 1708 1448 1744 Varronianam

803 1766 963 1800 satiram
983 1766 1156 1813 priorem,
1176 1765 1264 1812 quia
1277 1765 1450 1800 Ennium

802 1831 998 1856 auctorem
1021 1820 1170 1861 habeat,
1191 1820 1351 1856 Lucilio
1372 1835 1452 1856 ma-

801 1877 925 1924 jorem
939 1903 948 1917 ‚
982 1877 1098 1913 nimis
1121 1877 1258 1913 diserte
1276 1890 1451 1926 pugnare

801 1934 982 1969 videatur
1013 1934 1061 1970 iis
1092 1947 1188 1983 quae
1207 1937 1239 1980 ᾗ.
1263 1943 1326 1981 95.
1349 1934 1453 1970 dicat

801 1990 955 2026 Fabius.
1029 1992 1119 2026 Hoc
1159 1990 1318 2037 quidem
1347 1990 1452 2026 mihi

801 2046 896 2082 adeo
917 2046 1158 2082 manifestum
1180 2058 1261 2081 non
1286 2045 1352 2088 fit,
1381 2058 1453 2082 nec

803 2113 931 2138 tamen
960 2102 1085 2151 magis
1114 2115 1232 2151 quam
1261 2103 1452 2139 Gesneru·

804 2157 883 2194 fido
915 2157 1111 2195 vocabulo
1136 2161 1242 2207 prius
1269 2169 1451 2207 tanquam

804 2213 1048 2263 incorrupto.
1103 2215 1186 2263 Ipse
1209 2214 1371 2255 dubitat,
1403 2228 1452 2252 an

807 2293 855 2316 ex
875 2279 1109 2329 compendio
1131 2277 1311 2328 posterius
1328 2268 1452 2330 ᾖὲνὶω

807 2347 935 2373 ortum
971 2337 1023 2372 fit.
1085 2336 1191 2383 Quid
1218 2338 1452 2386 fiproprium

805 2393 896 2434 fuit,
928 2403 971 2428 ut
990 2392 1193 2441 respiceret
1213 2393 1288 2440 Qu.
1311 2394 1358 2429 ad
1379 2395 1451 2444 fig-

805 2450 1001 2486 nificatum
1031 2448 1144 2484 illum
1168 2448 1372 2498 pristinum
1386 2450 1452 2500 sa-

807 2515 932 2546 turae,
994 2519 1071 2553 quo
1117 2504 1223 2554 leges
1265 2506 1449 2543 dicuntur

804 2562 937 2611 rogari
955 2576 1022 2610 per
1031 2561 1200 2610 saturam
1216 2563 1242 2598 i.
1258 2576 1290 2598 e.
1312 2562 1450 2612 miscel·

805 2619 896 2655 lae?
933 2619 1042 2663 (vid.
1063 2617 1221 2654 Novell.
1243 2625 1282 2665 4,
1308 2632 1341 2660 1,
1364 2621 1451 2665 43.)

804 2677 852 2710 In
885 2688 957 2724 qua
978 2676 1126 2711 ratione
1137 2673 1209 2723 sed
1228 2674 1359 2711 locum
1382 2688 1453 2725 op-

805 2733 901 2790 time
926 2732 1121 2768 inveniret
1127 2745 1143 2774 ς
1170 2741 1326 2781 poterat
1347 2732 1453 2768 enim

1484 329 1536 370 9⁵
