1696 3016
334 211 498 258 INST.
543 187 820 256 oRATOR.
870 208 993 253 Lm.
1038 208 1111 266 x,
1161 219 1203 254 1.
1387 215 1454 267 45
1496 192 1497 195 ’

31 387 35 395 ,,
83 356 168 402 ,eo
203 338 446 395 materia‘,
505 337 729 386 alterum
765 334 1093 402 disponendi
1131 336 1335 385 ratione
1370 333 1456 385 su-

103 417 292 484 perari.
369 414 682 479 Apollonius
705 416 764 462 in
790 413 1033 462 ordinem
1056 429 1083 460 a
1102 414 1457 479 grammaticis

103 494 290 545 datum
315 509 426 542 non
450 493 626 550 venit,
666 492 791 556 quia
812 488 1140 539 Aristarchus
1164 501 1319 555 atque
1340 491 1458 538 Ari-

99 569 413 638 stophanes,
469 573 745 634 poetarum
785 566 1014 628 iudices,
1063 568 1336 616 neminem
1377 565 1460 617 sui

104 647 357 713 temporis
379 645 438 694 in
456 661 741 694 numerum
763 643 1107 710 redegerunt:
1149 661 1260 693 non
1282 654 1460 693 tamen

106 721 558 774 contemnendum
604 721 774 770 edidit
822 739 959 787 opus
991 722 1197 786 aequali
1230 721 1458 787 quadam

105 799 481 851 mediocritate.
559 800 724 849 Arati
756 799 971 847 materia
1008 809 1162 847 motu
1195 809 1359 857 caret,
1397 808 1458 848 ut
1482 812 1535 852 55

107 878 166 927 in
197 893 300 942 qua
328 877 478 924 nulla
511 877 763 933 varietas,
810 876 995 924 nullus
1031 872 1269 933 affectus,
1306 875 1460 924 nulla

35 984 39 988 ·
107 952 351 1020 persona,
375 951 379 958 “
402 952 551 1001 nulla
583 956 897 1017 cujUsquam
934 950 996 1000 fit
1028 953 1226 1002 oratio:
1271 950 1461 1003 sufficit

158 1144 165 1149 ,
189 1106 342 1152 judices.
399 1106 727 1151 Tu1·ic.judic1'um
748 1119 837 1142 cum
857 1104 959 1142 Alm.
1008 1106 1081 1142 Sed
1102 1119 1120 1141 a
1141 1106 1208 1142 sec.
1235 1120 1286 1143 m.
1307 1107 1460 1152 juditio,

109 1174 147 1201 et
167 1165 214 1199 fic
235 1164 367 1211 Camp.
391 1162 462 1197 nifi
483 1163 589 1210 quod
617 1176 686 1211 per
708 1165 750 1200 C.
928 1163 1058 1198 edidit.
1091 1164 1224 1200 Turio.
1248 1163 1352 1199 Flor.
1376 1163 1463 1208 (hio

108 1221 129 1256 ι’
147 1233 205 1271 pr.
229 1221 311 1270 m.)
332 1219 453 1254 reddit
473 1231 561 1253 cum
587 1219 706 1256 Goth.·
729 1221 833 1259 Voss'.
850 1231 885 1257 2.
919 1219 1083 1255 reddidit
1103 1233 1149 1254 ex
1159 1219 1260 1256 Alm.
1290 1219 1463 1255 affertur.

195 1283 260 1320 55.
298 1278 484 1317 varietas,
511 1275 602 1311 null.
634 1275 698 1323 affi
729 1278 844 1314 nulla.
906 1276 1039 1313 Turic.
1076 1276 1180 1314 Flor.
1215 1276 1308 1320 (hic
1340 1290 1359 1311 a
1399 1290 1461 1325 pr.

108 1333 189 1376 m.)
234 1332 420 1367 omittunt
453 1345 541 1366 cum
563 1330 665 1367 Alm.
689 1334 788 1372 Jens.
818 1335 915 1380 (tac.
949 1334 1089 1376 Gesn.)
1122 1343 1159 1368 et
1189 1333 1274 1368 edd.
1300 1333 1461 1381 posterr-

109 1401 195 1426 ante
217 1388 302 1423 Ald.
537 1388 640 1423 nulla
660 1392 882 1439 cujusquam.
945 1390 1006 1425 Sic
1038 1390 1169 1424 Turio.
1199 1389 1302 1425 Flor.
1334 1388 1463 1426 Guelf.

111 1446 208 1492 (nifi
249 1445 366 1492 quod'
395 1446 627 1493 cujuspiam)
686 1448 818 1495 Camp.
863 1448 952 1492 (sed
982 1446 1182 1494 cujusque)
1222 1459 1311 1481 cum
1343 1445 1463 1483 Goth.

109 1501 214 1540 Vols.
242 1511 277 1536 2.
303 1510 339 1544 3.
371 1499 473 1536 Alm.
494 1500 582 1537 Ald.
617 1513 653 1537 et
681 1502 833 1551 aliquot
854 1504 938 1539 edd.
962 1516 1021 1551 ap.
1043 1505 1176 1538 Burm.
1199 1502 1341 1550 quibus
1363 1514 1466 1537 acce-

110 1558 170 1594 dit
204 1557 311 1593 Gesn.
343 1556 452 1592 Rossg
481 1569 528 1591 ex
554 1558 662 1594 Harl.
694 1560 749 1595 ed.
784 1559 944 1609 Reliqui
975 1559 1163 1595 omittunt
1187 1559 1290 1594 nulla
1311 1570 1348 1594 et
1369 1558 1465 1594 diri-

107 1625 220 1650 munt
237 1615 294 1648 cui
314 1626 486 1661 usquam,
518 1615 642 1662 Regio
665 1627 849 1653 monente
874 1628 911 1653 et
928 1615 1052 1651 Badio
1074 1616 1257 1658 causante,
1278 1615 1355 1651 ,effe
1377 1614 1465 1664 qui·

111 1672 199 1707 dem
217 1670 318 1719 apud
338 1670 498 1706 Aratum
520 1672 710 1720 personas,
731 1673 793 1708 sed
818 1686 899 1709 non
923 1673 1139 1721 loquentes.

113 1807 210 1833 teres
231 1794 414 1841 Panyafin
427 1820 436 1834 ,
467 1794 679 1830 Hesiodum
699 1809 758 1831 re-

110 1851 281 1902 spondeo
313 1845 485 1899 intelligi
518 1862 555 1886 et
587 1853 758 1887 Antima-

114 1909 242 1955 chum.
313 1907 401 1941 Hoc
442 1907 475 1942 is
515 1907 583 1955 qui
621 1908 759 1943 similia

111 1965 218 2001 hisce
246 1962 380 2013 prodit
405 1963 616 2011 Dionyfius
648 1965 758 2001 dubi-

113 2021 188 2056 tari
226 2030 342 2056 vetat.
415 2021 612 2055 Recenfito
656 2021 759 2056 enim

110 2076 311 2116 Homero,
353 2076 546 2116 Hefiodo,
586 2078 761 2113 Antima-

116 2131 296 2183 cho⁴haec
307 2131 478 2177 subjicit:
509 2129 696 2174 Πανύασις
706 2153 763 2161 --

114 2179 181 2228 τὰς’
193 2206 244 2214 —·
256 2186 400 2230 ἂμφοῖν
422 2185 548 2234 ἀρετ-ἂς
570 2187 762 2236 ἠνέγκατο.

118 2243 291 2293 Spectari
327 2252 455 2277 autem
490 2243 651 2279 virtutes
681 2245 761 2281 elo-

117 2299 265 2348 quendi
294 2307 451 2347 apparet
477 2299 538 2338 iis,
564 2312 658 2347 quae
681 2314 761 2336 mc·

115 2365 318 2390 morantur
361 2355 404 2389 in
445 2355 762 2402 praecedentibus

117 2410 195 2447 istis
215 2410 386 2446 duobus:
428 2408 595 2452 *Ησίοδος
621 2412 686 2456 μὲν
708 2434 762 2440 -

116 2466 323 2515 ἐφρόντισεν
355 2486 412 2493 -
446 2463 629 2511 ὀνομάτων
673 2467 764 2504 λειό-

115 2537 221 2567 τητος
232 2522 290 2558 καὶ
303 2521 495 2565 συνθέσεως
505 2523 687 2570 ἐμμελοῦς
696 2546 762 2566 ——,

115 2576 338 2627 Ἀντίμαχος
387 2577 417 2614 δ’
447 2599 501 2606 -
529 2578 764 2629 ἀγωνιστικῆς

116 2633 341 2684 τραχύτητος
386 2635 447 2670 καὶ
489 2641 551 2672 τοῦ
595 2638 763 2682 συνῆθους

116 2695 179 2735 τῆς
199 2690 400 2741 ἐξαλλαγῆς
421 2691 589 2740 (minime
609 2696 763 2743 vulgare

119 2748 315 2799 eloquendi
333 2761 449 2797 genus
465 2748 572 2800 Qu.)
600 2753 763 2801 Superat

816 1797 938 1846 igitur
958 1797 1131 1845 Panyasis
1156 1798 1311 1832 materia
1331 1797 1466 1832 Hesio·

818 1854 911 1889 dum
933 1881 943 1895 ,
1016 1853 1251 1902 disponendi
1317 1853 1470 1888 ratione

817 1909 1068 1959 (πραγματείᾳ
1088 1909 1146 1944 καὶ
1172 1907 1376 1955 οἰκονομίᾳ)
1391 1910 1469 1944 An-

818 1967 1043 2003 timachum.
1103 1967 1330 2014 Quanquam
1352 1966 1469 2000 Grae-

820 2036 886 2059 cus
927 2033 1155 2072 praeceptor
1202 2023 1359 2069 utrique
1398 2020 1472 2056 hac

819 2090 927 2128 parte
950 2079 1120 2129 praefert
1142 2079 1335 2126 Panyasm.

878 2192 1027 2241 aequali
1078 2190 1238 2240 quadam
1278 2188 1470 2224 mediocri-

821 2257 907 2283 tate.
969 2246 1134 2282 ἄπτωτον
1165 2244 1334 2294 appellat
1363 2246 1470 2281 Lon-

821 2305 934 2352 ginus
973 2313 1047 2348 55,
1089 2304 1124 2339 6.
1177 2301 1326 2348 judicio
1367 2302 1471 2337 inter

822 2359 995 2395 eruditos
1025 2359 1199 2408 vulgato,
1215 2358 1274 2393 *ut
1297 2358 1471 2399 videtur,

819 2417 862 2451 in
897 2429 975 2464 quo
1016 2429 1096 2452 non
1126 2414 1333 2462 acquiescit
1362 2415 1472 2462 Hey·

820 2473 924 2520 nius·
942 2471 1080 2521 Opusc.
1102 2474 1133 2509 Ι.
1164 2484 1202 2519 p.
1230 2477 1298 2514 81.
1360 2471 1473 2505 Idem

820 2528 900 2564 fere
924 2529 1050 2563 noster
1080 2536 1126 2574 8,
1158 2535 1204 2570 5,
1242 2535 1308 2577 52.
1348 2527 1472 2567 „dum

820 2585 1001 2626 „timent,
1021 2599 1069 2620 ne
1092 2582 1299 2631 aliquando
1323 2583 1472 2622 cadant,

819 2641 993 2689 „semper
1013 2642 1174 2687 jacent“.
1204 2639 1300 2673 item
1321 2649 1357 2678 2,
1377 2646 1411 2682 4,
1431 2649 1469 2686 9.

819 2697 939 2738 „dum
971 2697 1055 2733 satis
1077 2705 1215 2748 putant
1234 2713 1287 2722 -
1309 2694 1469 2732 virtuti-
1487 2716 1490 2719 -

820 2752 918 2794 „bus
951 2760 1122 2790 ca1·eut.“
1158 2754 1163 2757 ’
