1676 3028
367 177 530 224 1Ns'r.
568 176 848 223 ORATOR.
883 174 1006 219 mn.
1040 172 1137 229 xl,
1172 184 1220 217 2.
1369 165 1468 224 315

128 307 358 356 excitent
385 315 556 355 notae.
632 307 747 354 Hoc
767 302 910 350 enim
933 298 1005 348 est
1027 315 1091 348 ex
1110 299 1203 347 illa
1226 307 1332 346 arte
1355 313 1471 346 non

131 384 352 442 inutile,
393 381 661 431 attendere
683 380 827 447 signa
850 377 917 427 ad
939 394 1044 435 eos,
1084 376 1180 442 qui
1200 372 1470 431 excidunt,

128 458 336 510 sensus:
376 476 647 531 ancoram,
684 469 748 510 ut
772 455 927 523 supra
953 453 1135 522 posui,
1173 450 1217 501 si
1245 451 1312 502 de
1333 466 1472 502 nave

132 638 232 675 [imo
262 637 367 674 sensu
398 637 585 672 structura
615 636 778 672 minime
806 636 944 676 latina,
973 634 1138 684 potuisse
1159 631 1396 681 acquiescere
1414 637 1475 665 tot

133 696 218 733 VV.
239 695 439 741 DD.ju1e
458 694 624 730 mireris.
671 693 828 730 Timide
849 695 1021 743 quidem,
1051 692 1114 727 red
1133 701 1177 727 ut
1194 689 1325 736 aliqua
1346 697 1475 722 tamen

134 750 330 789 laboranti
357 749 448 786 loco
477 750 670 785 medicina
701 761 927 799 quaeiatur,
957 750 1051 785 haec
1082 758 1211 784 tento:
1254 753 1318 780 aut
1336 742 1375 793 si
1406 741 1477 777 erit

138 808 264 843 tardus
293 807 429 855 aliquis
460 819 570 855 usque
597 820 639 842 eo
671 820 833 856 quoque,
864 808 912 843 ad
934 808 1002 843 hoc
1020 805 1221 841 remedium
1234 800 1323 851 sunt
1342 801 1476 835 iterum

136 862 239 913 fpfiw
258 872 382 900 notae.
442 863 483 898 Si
501 875 570 909 per
589 864 864 911 compendium
887 865 977 899 effet
998 863 1182 912 scriptum
1202 859 1348 906 aliquis,
1366 866 1477 905 pote·

136 930 197 956 rat
214 919 362 955 turbari
384 918 535 967 aliquid
557 919 607 954 ob
628 919 741 960 illud,
773 933 852 968 quo
875 919 1011 956 oculus
1034 917 1244 955 aberrabat,
1272 908 1477 962 insequ'ens

138 975 190 1011 ad
218 975 297 1011 hoc.
328 975 399 1016 „Si
418 987 492 1011 una
522 974 572 1009 ad
607 976 1032 1012 commonefaciendum
1058 988 1137 1010 non
1161 972 1353 1008 suffecelit
1372 979 1478 1008 nota,

138 1031 257 1080 „quia
279 1030 396 1068 obliti
424 1043 598 1072 eramus,
628 1045 707 1080 quo
730 1032 900 1067 maxime
919 1033 1152 1080 pertineret;
1183 1029 1342 1065 alteram
1371 1025 1480 1070 (hoe
1500 1020 1512 1030 ‘

138 1087 218 1130 „est
248 1087 292 1124 in
325 1090 470 1132 iterum)
495 1089 726 1136 apponendo
755 1082 880 1138 primi
902 1087 987 1129 illi,
1026 1088 1224 1123 vincimus
1244 1097 1327 1120 cam
1352 1093 1390 1118 et
1408 1082 1478 1116 suo

138 1143 258 1186 „loco
281 1143 496 1193 alligamus.
509 1150 532 1166 “
582 1146 721 1181 Fateor
745 1147 873 1181 tardus
893 1146 1011 1196 paulo
1038 1144 1212 1180 acerbius
1239 1141 1389 1176 dietum
1418 1137 1480 1173 Vi·

140 1200 237 1242 deri,
269 1213 358 1236 cum
377 1201 478 1236 mira
497 1211 582 1236 ante
603 1201 788 1238 modestia
810 1204 884 1251 Qu.
905 1202 1069 1238 leniiffet
1086 1202 1190 1237 idem
1215 1197 1397 1246 infelicem
1415 1207 1480 1243 ap-

141 1256 336 1304 pellando.
367 1257 414 1294 cf.
440 1270 510 1297 ιο,
544 1271 560 1292 ι
577 1281 587 1296 ‚
621 1269 657 1301 7.
719 1259 794 1294 Sed
815 1273 948 1295 veram
971 1259 1041 1295 esse
1061 1255 1346 1294 vetustiffimam
1370 1252 1481 1287 illam

143 1313 351 1362 scripturae
371 1314 524 1364 trjandus
545 1315 868 1356 emendationem,
886 1316 1006 1351 totius
1029 1315 1109 1350 loci
1125 1313 1281 1349 habitus
1304 1309 1484 1346 dubitare

145 1381 226 1404 non
245 1368 347 1405 [init.
384 1372 442 1406 Ita
462 1382 556 1405 mox
578 1373 610 1418 ᾗ.
635 1378 701 1416 54.
725 1372 856 1408 Turio.
876 1371 979 1408 Flor.
1004 1372 1088 1418 (hic
1104 1384 1193 1420 apr.
1207 1370 1278 1411 m.)
1299 1366 1431 1403 Ambr.
1445 1373 1482 1400 2.

145 1426 315 1460 tradatur
332 1439 406 1476 pro
429 1427 611 1464 tardatur.
844 1430 925 1464 Hoc
943 1431 1040 1464 enim
1061 1425 1123 1475 efi.
1155 1427 1219 1462 Sic
1239 1424 1343 1460 Flor.
1364 1434 1486 1471 quan·

107 1524 111 1529 Ι
147 1494 262 1530 quam
292 1481 435 1519 inserto
469 1497 488 1518 a
517 1482 586 1519 see.
617 1485 771 1519 demum
802 1499 920 1520 manu
953 1487 1060 1520 efzim.
1084 1483 1216 1519 Turio.
1236 1482 1259 1515 h
1279 1481 1317 1515 H
1335 1477 1404 1527 cst,
1443 1478 1486 1513 in

145 1537 290 1585 quibus
321 1538 444 1575 nostra
462 1540 541 1587 ipsa
561 1539 680 1576 latere
703 1542 972 1590 unusquisque
993 1541 1104 1577 videt
1130 1538 1198 1586 (cf.
1221 1545 1258 1583 8.
1278 1539 1366 1572 Pro·
1386 1535 1484 1579 15·)·

145 1593 308 1643 Reliqui
336 1596 433 1631 Hinc
460 1593 531 1644 est,
576 1597 650 1632 nisi
671 1599 778 1646 quod
799 1599 892 1634 Bad.
910 1599 981 1633 Hic
1000 1612 1032 1633 e.
1060 1599 1161 1633 Mox
1181 1593 1311 1632 Guelf.
1339 1591 1489 1629 omittit

148 1662 193 1686 ex
214 1663 303 1686 cum
324 1652 442 1688 Goth.
466 1661 502 1687 2.
531 1655 606 1689 Pro
627 1655 693 1689 illa
714 1655 845 1704 Camp.
868 1654 948 1703 ipsa
968 1668 1056 1690 cum
1079 1653 1198 1691 Goth.
1219 1651 1325 1690 Vols.
1340 1660 1376 1686 ε’..
1398 1647 1487 1685 Ald-

319 1709 509 1745 attendere
522 1708 636 1758 signa
654 1713 705 1746 ad
725 1725 798 1747 eos.
811 1712 940 1746 'rm-ic.
952 1713 981 1746 F
983 1711 1056 1749 lor.
1072 1712 1245 1748 adtentus
1263 1722 1298 1744 a.
1313 1722 1344 1743 e.
1357 1704 1490 1741 Guelf.

145 1764 285 1812 Camp.
307 1773 474 1800 attentus
498 1779 532 1799 a.
553 1780 584 1801 e.
617 1780 706 1802 cum
724 1767 828 1804 Alm.
850 1767 968 1803 Goth.
994 1780 1027 1804 1.
1051 1779 1087 1804 2.
1118 1767 1224 1807 Voff.
1247 1775 1283 1799 2.
1315 1761 1426 1799 Bodl.
1453 1771 1491 1796 et

153 1819 239 1855 edd.
264 1831 349 1856 ante
379 1821 473 1858 Bad.
508 1823 579 1869 qui
609 1834 766 1871 repente
797 1823 982 1864 nostrum,
1010 1825 1162 1859 ratione
1190 1821 1341 1857 reddita
1367 1817 1490 1854 nulla.

152 1875 254 1911 Mox
267 1877 482 1915 exciderunt
499 1892 518 1913 a
536 1879 659 1914 Badio
680 1879 772 1915 inde
794 1891 879 1915 ante
891 1879 988 1916 Obr.
1016 1893 1090 1917 acc.
1111 1878 1213 1915 Roll.
1234 1880 1368 1913 Burm.
1395 1874 1492 1923 Cap·

151 1945 234 1982 per.
259 1933 373 1978 (item
393 1934 496 1971 Alm.
518 1946 562 1971 ut
581 1936 766 1978 referunt,
786 1936 878 1972 falso
898 1937 1089 1985 profecto,
1112 1949 1238 1983 neque
1260 1934 1365 1970 enim
1387 1930 1492 1966 ullus

150 1989 204 2025 [ic
227 1991 381 2033 codex).
442 1995 518 2028 Pro
543 1994 734 2028 attendere
767 1993 864 2030 Obr.
899 1995 1121 2042 appendere,
1155 1991 1388 2038 conjiciente
1415 1988 1493 2022 hoc

151 2045 230 2092 jam
248 2047 424 2083 Francio.
670 2043 792 2102 posui.
816 2049 919 2085 Flor.
947 2053 996 2093 (a
1017 2057 1075 2098 pt.
1095 2051 1179 2094 m.)
1204 2049 1336 2094 Camp.
1357 2055 1495 2095 propo·

147 2100 220 2151 sui.
250 2103 312 2138 Ne
334 2101 400 2139 hic
420 2106 580 2153 quidem
601 2107 722 2142 sensus
742 2117 844 2142 recte
861 2106 1018 2154 legitur.
1051 2106 1233 2155 Suspicor
1254 2114 1396 2143 autem,
1420 2111 1494 2136 tra-

143 2158 336 2204 .jieiendis
352 2161 555 2198 vocabulis
570 2162 716 2198 factum
746 2164 828 2204 effe,
854 2173 898 2198 ut
901 2134 967 2197 oud
978 2160 1108 2210 sensus
1127 2175 1199 2202 eos,
1226 2163 1288 2211 qui
1310 2173 1385 2195 exc.
1406 2157 1494 2194 scri-

157 2214 317 2252 beretur
346 2216 389 2251 in
411 2217 497 2253 aliis
520 2219 643 2255 codd.
662 2219 706 2253 in
728 2219 813 2255 aliis
842 2229 970 2253 autem
988 2219 1038 2253 ad
1058 2232 1119 2254 eos
1124 2220 1203 2271 qui
1227 2217 1398 2253 excidunt
1411 2213 1497 2264 sen.-

151 2269 228 2319 sus,
262 2284 359 2319 quae
380 2274 480 2309 ratio
502 2275 584 2310 sane
606 2274 832 2324 elegantior.
875 2277 977 2312 Mox
998 2275 1205 2325 jungendo
1222 2274 1314 2308 duas
1335 2272 1498 2320 scriptu·

159 2340 219 2363 ras
243 2339 376 2364 exorta
407 2330 457 2365 est
478 2330 718 2380 praepostera
735 2331 805 2367 illa
825 2343 1003 2368 veterum
1026 2331 1250 2366 constitutio
1273 2342 1347 2365 non
1369 2327 1499 2363 inutile

159 2384 331 2420 adtentus
361 2400 396 2421 a.
419 2400 450 2421 c.
478 2401 510 2436 q.
534 2402 564 2424 c.
580 2387 718 2436 sensus.
777 2389 862 2425 Nec
890 2389 1063 2424 adtentus
1079 2400 1151 2435 per
1170 2388 1208 2422 D
1231 2386 1412 2434 scriptum
1437 2385 1498 2419 in-

160 2441 281 2476 venio
313 2441 398 2478 aliis
429 2442 530 2479 locis
549 2445 592 2479 in
614 2445 747 2481 Turio.
769 2444 873 2486 fler.
895 2447 1030 2492 Ejecto
1047 2444 1172 2492 igitur
1193 2442 1291 2479 male
1310 2452 1402 2477 nato
1423 2439 1497 2475 illo

162 2497 379 2533 attendendi
403 2500 550 2543 verbo,
583 2501 783 2538 difficilior
812 2502 862 2538 fit
891 2502 991 2537 ratio
1016 2494 1226 2537 'accusativi
1249 2500 1293 2535 in
1314 2510 1500 2539 ancoram,

164 2554 272 2602 quod
303 2556 370 2591 etsi
393 2556 503 2592 facile
525 2558 741 2606 refingatur
761 2559 804 2594 in
833 2572 990 2598 ancora,
1020 2555 1158 2593 malim
1186 2567 1313 2592 tamen
1330 2555 1456 2604 repeti
1480 2568 1502 2589 a

158 2610 463 2659 *proposui(nan1
486 2613 561 2649 hoc
578 2615 768 2664 praefero,
801 2616 847 2652 cf.
872 2623 906 2660 4,
934 2628 967 2655 1,
992 2616 1100 2660 59.);
1130 2626 1209 2662 quo
1234 2613 1310 2649 hoc
1332 2613 1503 2648 maxime

167 2665 350 2710 deducor,
379 2670 487 2717 quod
509 2670 596 2720 effet
617 2671 807 2712 scribitur,
838 2673 1009 2721 pendens
1028 2669 1129 2705 illud
1149 2683 1167 2705 e
1183 2669 1392 2718 praeterito
1416 2681 1504 2717 pro-

166 2721 286 2772 posui,
314 2738 395 2762 non
415 2723 476 2774 eft,
506 2741 585 2777 quo
607 2739 703 2776 opus
726 2729 865 2765 eratin
885 2728 1042 2777 vulgata
1069 2726 1355 2765 constitutione,
1401 2725 1505 2762 Nam
