1676 3028
322 204 485 276 INST.
523 204 803 251 ORATOR.
838 205 960 253 LIB.
996 205 1093 262 XI,
1125 218 1170 252 2.
1320 218 1416 267 309
1476 261 1481 267 .
1518 262 1521 265 μ

75 330 352 398 sexagenos
388 333 654 381 invenerit
683 333 842 383 locos.
913 332 1123 382 Vanitas
1152 332 1413 384 nimirum

73 407 182 471 fuit
215 419 371 475 atque
403 411 607 471 jactatio
646 411 778 458 circa
802 406 1284 459 memoriam'suam
1314 429 1412 477 po-

71 488 180 549 tins
205 496 338 546 arte,
377 504 538 553 quam
557 497 741 537 natura
767 487 1057 553 gloriantis.
1137 487 1403 553 Equidem
1428 508 1482 545 25

72 564 201 614 haec
225 564 292 614 ad
313 564 568 630 quaedam
593 562 830 632 prodess'e
850 573 968 615 non'
986 566 1308 630 negaverim,
1347 577 1410 615 ut

61 640 115 691 si
145 659 326 691 rerum
354 644 572 700 nomina
601 643 793 701 multa,
823 659 924 707 per
949 641 1191 692 ordinem
1215 643 1410 702 audita,

71 719 342 768 reddenda
364 717 481 768 sint.
558 720 809 784 Namque
837 720 895 768 in
916 721 1010 777 iis,
1049 735 1183 783 quae
1209 716 1410 768 didide-

70 807 226 856 runt,
262 798 391 846 locis
412 807 626 861 ponunt
648 813 730 846 res
753 798 894 855 illas,
931 792 1184 867 mensam,
1222 807 1282 846 ut
1303 797 1408 846 hoc

69 883 203 933 utar,
238 876 289 923 itz
313 870 586 942 vestibulo,
628 884 678 922 et
702 874 973 938 pulvinum
999 878 1223 932 invacrio,
1262 885 1312 922 et
1335 873 1408 923 sic

69 961 263 999 cetera:
305 949 498 999 deinde
526 951 815 1015 relegentes
835 951 1148 1008 inveniunt,
1190 952 1282 1000 ubi
1312 969 1408 1017 po-

61 1025 278 1077 suerint.
372 1029 441 1101 Ες
489 1024 866 1077 forfitan‘ho'c
895 1026 1019 1075 sunt
1055 1027 1247 1089 adjuti,
1294 1029 1406 1094 qui,
1456 1049 1477 1079 f

63 1180 185 1218 m'odo
208 1180 330 1217 absint
345 1178 539 1230 sexageni.
582 1179 655 1215 Sed
677 1179 761 1215 satis
785 1180 964 1229 frequens
987 1179 1239 1217 distributiva
1264 1192 1408 1229 ponere

62 1249 137 1286 pro
168 1236 440 1274 cardinalibus.
470 1238 516 1273 cf.
545 1237 709 1273 eundem
730 1237 927 1273 Drakenb.
962 1238 1008 1272 ad
1031 1244 1067 1281 4,
1098 1238 1158 1278 16,
1183 1237 1219 1272 6.
1282 1237 1408 1271 Mani-

65 1292 178 1330 festus
197 1293 393 1342 imprimis
404 1294 518 1329 Livii
538 1293 648 1331 locus
670 1305 707 1340 9,
733 1303 798 1337 30,
823 1303 860 1336 3.
893 1294 1029 1329 tribuni
1046 1295 1203 1328 militum
1218 1293 1303 1342 seni
1323 1294 1410 1328 deni

66 1349 105 1383 ίη
135 1359 293 1400 quatuor
320 1350 508 1397 legiones,
540 1349 608 1385 ubi
627 1348 742 1398 plane
759 1363 856 1398 quae
878 1349 944 1386 hic
971 1351 1072 1399 apud
1097 1350 1266 1386 nostrum
1290 1350 1404 1385 ratio.

56 1407 190 1450 'Modo
211 1408 312 1442 ineat
335 1406 462 1442 Guelf.
487 1408 622 1455 Camp-

147 1494 212 1530 25.
242 1494 284 1522 ut
305 1483 345 1535 si
365 1498 496 1521 rerum.
527 1484 660 1520 Turio.
684 1483 790 1520 Flor.
810 1484 939 1521 Guelf.
966 1485 1083 1534 autsi
1105 1500 1135 1522 r.
1157 1486 1290 1533 Camp.
1311 1498 1408 1523 mox

59 1543 164 1580 redd.
177 1540 280 1592 sunt,
511 1549 666 1590 ponunt.
691 1542 757 1576 Sic
779 1541 913 1578 Turio.
933 1541 1036 1578 Flor.
1060 1541 1188 1578 Guelf.
1206 1543 1298 1577 Exc.
1315 1544 1405 1577 San-

61 1610 137 1637 ten.
171 1600 304 1647 Camp.
346 1597 511 1646 Reliqui
547 1607 742 1644 reponunt,
993 1595 1174 1647 vestibulo
1207 1618 1261 1626 --
1292 1600 1404 1635 atrio.

59 1655 192 1692 Turio.
223 1654 328 1692 Flor.
361 1653 488 1692 Guelf.
519 1653 615 1699 (hic
649 1665 777 1690 tamen
807 1662 843 1690 et
867 1654 1026 1691 videtur
1048 1655 1245 1700 omittere)
1268 1657 1400 1704 Camp.

56 1725 94 1750 v.
115 1722 153 1749 et
169 1711 349 1762 populum
370 1713 392 1747 ί.
416 1726 452 1747 a.
481 1710 642 1758 Reliqui
662 1725 696 1747 v.
718 1713 754 1746 in
777 1714 873 1747 atrio
894 1713 1108 1760 pulvinum,
1136 1713 1196 1747 sed
1221 1711 1339 1748 Goth.
1367 1722 1405 1748 et

56 1769 164 1808 Voff.
189 1778 226 1806 2..
265 1768 360 1804 item
379 1767 571 1815 populum.
633 1767 824 1803 Ordinem
847 1769 961 1810 MSS.
985 1769 1245 1808 restituimus.
1275 1782 1404 1804 emcn-

59 1825 258 1861 dationem
281 1824 445 1870 alicujus
466 1834 642 1859 veterum
661 1823 824 1859 illorum
848 1824 1100 1864 criticorum,
1131 1825 1256 1860 nescio
1277 1825 1403 1871 cujus,

58 1881 174 1917 unice
199 1881 410 1917 retinentes
440 1890 477 1917 et
498 1879 717 1928 probantes.
749 1881 823 1916 Pro
848 1878 1008 1928 mensam
1029 1881 1072 1915 in
1093 1879 1220 1916 Guelf.
1242 1880 1290 1915 eft
1313 1894 1403 1915 mer-

49 1935 150 1988 sam.
365 1934 424 1986 sic
453 1945 584 1972 cetera.
617 1937 750 1971 Tua-ic.
781 1936 908 1973 Guelf.
941 1938 1034 1972 Exc.
1067 1938 1218 1972 Samen.
1241 1935 1279 1984 si
1303 1934 1402 1986 effet.

58 1994 160 2030 Mox
182 1992 310 2031 Guelf.
325 1993 531 2041 relegantes
549 1991 590 2042 (a
609 2006 668 2042 pr.
689 1993 763 2039 m.)
786 2004 823 2029 et
841 1992 1055 2043 posuerunt,
1080 1993 1150 2028 ubi
1172 1992 1275 2029 Flor.
1298 2006 1404 2041 repo-

47 2048 215 2100 suerint:->

143 2123 208 2165 24.
231 2116 397 2166 forsitan
419 2117 499 2153 hoc.
533 2117 597 2153 Sic
625 2116 720 2153 Obr.
742 2117 926 2153 facillima
948 2117 1231 2153 emendatione.
1279 2116 1402 2162 Adju-

58 2185 126 2212 vat
153 2174 260 2210 Flor.
290 2174 361 2221 qui
390 2183 427 2209 et
453 2173 532 2221 ipse
561 2173 665 2209 nihil
686 2173 794 2210 aliud
815 2174 887 2209 nisi
903 2173 939 2221 f.
964 2174 1012 2208 hi.
1045 2173 1206 2223 Reliqui
1229 2173 1402 2208 inserunt

60 2232 111 2269 ἱη.
150 2231 252 2268 Mox
278 2229 383 2266 Flor.
413 2228 536 2280 (apr.
558 2231 638 2275 m.)
671 2230 800 2267 Guelf.
820 2233 987 2271 actione,
1018 2241 1056 2267 et
1077 2230 1143 2266 hic
1169 2227 1402 2280 vendicltffec.

117 2360 183 2397 23.
212 2351 399 2402 Equidem
419 2353 521 2392 baec.
547 2354 632 2391 Jam
656 2353 722 2389 cle*
759 2354 981 2403 praestigias
1015 2364 1164 2390 tantum
1209 2352 1293 2388 illas
1324 2353 1406 2387 Me-

57 2405 131 2444 hac
180 2422 297 2456 quam
346 2410 461 2446 nobis
516 2409 705 2457 explicuit
762 2411 915 2446 trodori
938 2423 1070 2458 parum
1091 2410 1239 2460 placere
1262 2409 1404 2444 nostro.

48 2467 302 2502 *mnemonico
317 2467 552 2515 pronunciat
563 2467 604 2501 in
618 2467 704 2501 uni·
762 2467 963 2503 Ciceronis
985 2467 1145 2515 quidem
1166 2467 1233 2503 sub
1246 2465 1405 2514 persona

44 2521 235 2563 werram,
273 2523 402 2558 minus
441 2523 478 2558 ei
515 2522 700 2563 tribuens,
760 2524 925 2559 Antonii
956 2524 1163 2571 benignius
1193 2523 1242 2559 est
1263 2521 1404 2557 dehac

58 2583 174 2624 quam
204 2578 328 2628 vulgo
358 2578 530 2615 solebant
567 2579 700 2616 rheto-
758 2591 837 2616 arte
868 2580 1059 2626 judicium
1088 2580 1133 2616 de
1163 2580 1231 2616 Or.
1266 2589 1300 2619 2,
1334 2583 1400 2621 88.

44 2641 133 2668 >tes.
172 2635 351 2671 Debebat
374 2647 467 2684 ergo
489 2636 556 2670 hic
576 2637 703 2671 noster
761 2638 859 2672 Mox
880 2650 973 2686 quae
994 2637 1198 2672 didicerunt
1216 2634 1402 2671 facillima

60 2687 184 2726 sentus
206 2690 704 2741 diligenterapraecedenti
760 2693 1002 2729 correctione
1041 2704 1188 2728 mutem
1231 2693 1273 2728 in
1310 2703 1403 2742 quae

42 2766 46 2773 x
63 2743 216 2787 secerni,
233 2760 280 2782 ne
299 2747 399 2784 forte
413 2748 502 2798 quis
519 2748 703 2788 crederet.
760 2750 945 2798 digerunt.
967 2749 1016 2786 cf·
1035 2752 1070 2798 ᾗ.
1098 2756 1159 2796 ¹8·
1180 2760 1246 2786 20.
