1676 3028
232 160 324 217 376
466 207 469 225 ÷
533 161 606 208 Μ.
640 161 771 208 FAB.
809 161 1214 222 QUINTILIAM

231 302 378 335 aures
414 287 664 344 mulceat,
713 287 980 351 voluPtate
1017 284 1285 336 ducantur.
1384 285 1528 356 Quid

234 362 396 425 ergo?
435 379 543 410 non
564 372 613 408 et
639 363 819 410 Cicero
843 361 970 408 dicit
989 358 1084 408 effe
1107 362 1321 425 aliquem
1347 364 1396 410 in
1412 379 1528 411 ora-

234 440 365 493 tione
384 447 581 484 cantum
601 432 929 506 obscuriorem
944 437 968 482 ?
998 445 1048 482 et
1070 435 1172 484 hoc
1193 436 1420 500 quodam
1437 455 1528 485 na-

233 513 390 558 turali
432 512 586 558 initio
627 512 808 558 venit?
886 509 1161 558 Ostendam
1211 527 1323 559 non
1362 513 1529 561 multo

230 585 363 651 post,
394 586 486 633 ubi
513 596 562 632 et
594 597 846 650 quatenus
879 583 1208 650 recipiendus
1233 583 1296 632 fit
1329 584 1414 632 hic
1442 583 1533 634 fle-

235 677 357 716 xus,
399 670 448 707 et
478 671 653 709 cantus
694 653 932 723 quidem,
979 659 1091 717 sed,
1127 659 1273 724 quod
1300 660 1534 724 plerique

165 738 213 774 δι
237 735 526 797 intelligere
544 735 751 792 nolunt,
786 733 1064 783 obscurior.
1116 738 1222 788 Iam
1244 735 1384 783 enim
1409 743 1540 782 tem-

237 827 339 875 pus
371 808 441 856 est
486 809 722 867 dicendi,
762 826 892 873 quae
931 809 994 857 fit
1029 820 1154 873 apta
1180 810 1540 872 pronunciatio.

238 889 384 951 Quae
407 894 539 932 certe
560 901 616 931 ea
636 884 721 942 est,
751 901 881 948 quae
900 886 983 942 iis,
1003 884 1067 932 de
1087 885 1278 947 quibus
1301 884 1543 940 dicimus,

239 959 671 1008 accommodatur.
773 960 930 1027 Quod.
971 959 1185 1024 quidem
1224 961 1444 1008 maxima
1480 974 1543 1006 ex

238 1045 383 1100 parte
405 1033 656 1099 praestant
690 1033 787 1098 ipsi
817 1045 988 1083 motus
1015 1036 1339 1092 animorum,
1377 1032 1545 1082 sonat-

207 1141 210 1144 *
241 1125 347 1173 que
367 1127 486 1164 vox,
518 1119 578 1156 ut
595 1108 806 1167 feritur3
846 1108 933 1156 sed
967 1126 1086 1157 cum
1107 1108 1206 1156 sint
1233 1110 1321 1156 alii
1339 1109 1451 1157 veri
1473 1106 1545 1156 af-

240 1183 426 1241 fectus,
472 1185 561 1230 alii
598 1182 713 1232 ficti
756 1194 805 1237 et
847 1185 1058 1241 imitati,
1098 1185 1211 1232 veri
1247 1184 1546 1232 naturaliter

243 1267 560 1325 erumpunt,
602 1269 662 1307 ut
697 1259 1012 1317 dolentium,
1057 1257 1415 1315 irascentium,
1465 1259 1546 1305 in-

243 1417 347 1455 Alm.
594 1420 755 1457 naturali
781 1422 897 1456 initio.
927 1422 1055 1456 Turio.
1090 1428 1220 1456 natura
1251 1421 1275 1455 ι’.
1309 1418 1438 1464 (idem
1465 1429 1549 1454 aute

245 1472 402 1521 q'uodam
419 1475 558 1510 iterum
576 1477 705 1512 inserit
723 1479 785 1518 ec).
814 1476 854 1510 N
857 1476 995 1510 ostrum
1015 1476 1104 1509 dant
1115 1474 1241 1508 Ambr.
1260 1484 1295 1509 2.
1318 1474 1550 1512 Guelf.Jens.

243 1537 285 1561 et
302 1528 383 1562 edd.
398 1540 481 1564 ante
495 1530 602 1564 Baffl.
632 1530 702 1566 Sed
717 1531 845 1578 Camp.
869 1538 1019 1564 naturae
1035 1531 1139 1564 vicio.
1174 1528 1330 1576 Reliqui
1346 1539 1428 1564 ante
1440 1529 1546 1563 Gesn.
1563 1529 1565 1531 ’

241 1582 315 1629 qui
334 1583 498 1618 nostrum
516 1585 670 1619 reduxit
683 1610 693 1625 ,
725 1599 758 1619 n.
783 1586 886 1624 vicio,
919 1597 1083 1632 quorum
1102 1583 1284 1618 videntur
1303 1583 1370 1618 effe
1394 1594 1430 1618 et
1447 1582 1552 1618 Flor.

238 1631 345 1671 ¹Alm.
375 1637 458 1681 (οἱ.
477 1642 570 1682 55.)
605 1637 831 1686 Ostendimus
856 1639 957 1674 Flor.
982 1651 1068 1673 cum
1087 1640 1207 1686 Kapp.
1230 1637 1357 1673 volunt
1375 1637 1464 1686 (pro
1487 1651 1553 1673 no-

241 1690 345 1738 lunt)
363 1693 490 1728 Turio.
516 1694 616 1728 Flor.
640 1695 770 1741 Camp.
795 1706 881 1727 cum
901 1693 1002 1730 Voff.
1025 1702 1060 1727 2.
1084 1703 1120 1728 et
1139 1693 1222 1727 edd.
1247 1703 1329 1728 ante
1340 1693 1448 1728 Leid.
1473 1705 1554 1728 exc.

245 1745 395 1794 Gryph.
437 1749 476 1782 N
480 1761 528 1782 on
550 1759 783 1783 memoratur
805 1747 1012 1783 Gothanus.
1048 1748 1131 1783 Nec
1149 1746 1263 1782 habet
1283 1759 1369 1782 oum
1390 1747 1490 1786 Vols.
1510 1757 1551 1783 π.

249 1809 289 1835 et
307 1801 403 1838 Jens.
428 1802 514 1850 quid
533 1815 603 1849 pro
624 1799 736 1851 ⁴quod.

336 1889 399 1925 61.
429 1891 526 1925 Jam.
555 1891 685 1926 Turio.
714 1905 772 1926 an.
811 1890 911 1926 Flor.
946 1891 1061 1926 Goth.
1089 1887 1178 1942 (tac.
1209 1889 1338 1936 Gesn.)
1363 1898 1457 1924 certa
1483 1903 1556 1938 pro

251 1953 358 1979 certe.
389 1944 491 1980 Flor.
515 1945 645 1981 Ambr.
661 1956 695 1981 2.
724 1949 753 1981 is
772 1943 918 1995 proiis.
962 1946 1063 1981 Flor.
1083 1945 1378 1981 accommodatus.
1422 1940 1552 1993 Camp-

250 1997 423 2046 praestat,
450 2000 542 2035 item
552 2000 641 2047 ficti
659 2002 737 2042 alii,
770 2001 904 2036 ordine
926 2001 1168 2049 elegantiore.
1199 2001 1297 2035 Mox
1319 1999 1556 2048 irascentium,

249 2054 522 2103 indignantium
544 2056 727 2093 omittunt
739 2056 981 2094 Tu1·ic.Flor.
1004 2069 1089 2091 cum
1099 2055 1198 2091 Alm.
1220 2055 1283 2102 (cf.
1301 2055 1334 2099 §.
1349 2062 1411 2100 58.
1436 2055 1557 2091 iidem

307 2198 473 2233 naturali
501 2201 618 2236 ἰηίιίο.
672 2200 734 2236 Sic
762 2201 880 2237 modo
938 2211 1021 2237 ante
1062 2202 1183 2237 Cicero
1221 2199 1294 2234 erit
1329 2211 1401 2248 pro
1437 2200 1562 2240 etiam,

251 2254 287 2298 ς.
311 2257 376 2298 49.
404 2257 778 2292 naturali—conatu.
807 2259 882 2292 Lo·
938 2269 1007 2291 nec
1043 2267 1118 2292 tam
1161 2255 1349 2302 eleganter
1378 2253 1563 2290 referetur

253 2318 322 2341 ωδ
353 2319 476 2343 autem
509 2311 703 2348 Ciceronis
742 2312 883 2359 legitur
939 2312 984 2346 ad
1005 2311 1163 2347 alterum
1185 2309 1284 2346 illud
1301 2319 1384 2344 ante
1404 2310 1482 2344 hoc.

252 2360 296 2395 ΞΠ
323 2361 426 2409 iPsO,
455 2366 559 2412 quod
586 2367 702 2415 paulo
722 2378 805 2402 ante
826 2381 883 2402 re·
997 2367 1059 2402 61.
1073 2364 1466 2414 sonatque—feritur.
1487 2362 1564 2397 Hic

253 2415 458 2462 speximus,
479 2433 510 2455 c.
526 2428 586 2465 18.
615 2421 732 2463 Orat„
764 2423 832 2457 ubi
847 2432 884 2457 et
941 2421 1097 2470 quidem
1125 2433 1197 2456 vox
1218 2419 1328 2468 plane
1346 2416 1563 2453 similitudi-

254 2468 356 2504 illud
377 2472 422 2507 de
443 2476 548 2510 inicio
571 2478 739 2517 naturali,
767 2490 884 2524 quan·
939 2490 1027 2512 nem
1051 2477 1164 2511 habet
1189 2475 1365 2510 chordae:
1394 2471 1497 2506 nihil
1519 2471 1562 2506 in

255 2535 368 2571 quam
390 2540 468 2563 non
488 2530 548 2565 his
566 2532 655 2578 ipfis
674 2532 884 2571 vocabulis,
939 2531 1042 2567 hisce
1059 2529 1268 2566 voluntarii
1278 2527 1358 2563 soni
1369 2525 1436 2562 ess‘e
1448 2525 1564 2560 osten-

253 2587 299 2613 ut
325 2581 433 2626 poffis
459 2597 530 2632 pro
560 2587 660 2622 venit
678 2597 806 2635 optare
825 2587 884 2621 iu-
941 2587 1064 2626 ditur,
1097 2586 1158 2620 sed
1177 2596 1255 2619 vox
1275 2583 1414 2618 dicitur
1436 2592 1563 2629 reper-

254 2631 455 2673 finitivum
485 2643 624 2681 venire,
653 2642 715 2677 sed
745 2653 825 2678 tum
849 2651 884 2677 et
939 2642 1036 2677 cuffa
1062 2639 1180 2675 animi
1205 2636 1396 2675 moventis
1423 2635 1564 2684 imago.
