1676 3028
226 239 318 282 332
532 227 604 273 M.
634 230 764 274 ΕΑΒ.
799 229 1202 289 QUINTILIANI

177 367 199 406 4
219 349 388 399 nostra
417 348 711 399 oscitatione
741 350 981 399 solvatur.
1020 353 1371 404 vDocumento
1395 353 1516 404 sunt

217 427 303 474 vel
334 424 518 472 scenici
550 437 770 481 actores,
806 427 899 488 qui
930 436 980 473 et
1017 427 1226 489 optimis
1244 435 1515 494 poetarum

218 511 418 549 tantum
449 500 697 559 adjiciunt
727 501 941 563 gratiae,
981 510 1040 548 ut
1057 518 1153 549 nos
1174 502 1389 551 infinito
1407 522 1516 553 ma-

215 577 293 641 gis
319 574 495 622 eadem
518 575 609 620 illa
637 573 836 632 audita,
876 591 1031 638 quam
1053 576 1203 633 lecta,
1237 576 1488 627 delectent
1497 597 1512 638 ;

214 660 267 697 et
287 647 532 697 viliffimis
553 649 704 695 etiam
722 650 1035 712 quibusdam
1053 651 1334 714 impetrant
1354 669 1516 710 aures,

214 735 290 781 ut,
329 723 520 788 quibus
541 725 720 772 nullus
742 724 812 771 est
830 721 887 771 in
909 725 1235 774 bibliothecis
1257 727 1421 783 locus,
1452 726 1515 775 [it

167 808 191 846 5
213 800 368 846 etiam
403 797 648 862 frequens
679 800 736 846 in
768 799 988 848 theatris.
1049 799 1246 868 Quodsi
1265 803 1322 848 in
1342 797 1514 859 rebus,

213 890 340 938 quas
359 872 505 921 fictas
529 871 623 920 effe
646 872 831 923 scimus
855 885 904 921 et
929 876 1107 924 inanes
1125 911 1138 932 ‚
1174 886 1374 924 tantum
1393 894 1515 942 pro-

211 949 479 997 nunciatio
502 947 682 1014 potest,
720 960 779 997 ut
797 951 942 1011 iram,
981 951 1227 1007 lacrimas,
1266 950 1514 1011 sollicitu-

212 1023 392 1071 dinem
427 1020 615 1079 afferat‚
656 1034 848 1087 quanto
879 1025 999 1089 plus
1024 1025 1188 1071 valeat
1213 1023 1404 1072 necesse
1425 1025 1512 1082 est,

210 1099 308 1147 ubi
347 1100 398 1145 et
436 1098 728 1146 credimus?
795 1099 1048 1162 Equidem
1077 1100 1162 1147 vel
1201 1100 1515 1150 mediocrem

211 1174 526 1231 orationem,
595 1174 1004 1222 commendatam
1047 1174 1245 1226 viribus
1283 1177 1515 1233 actionis,

142 1327 145 1331 ’
210 1322 248 1350 et
267 1290 646 1362 ipseGypli.(1544,)
659 1327 732 1350 non
753 1323 789 1349 et
810 1313 884 1363 ipse
903 1316 1023 1350 Stoer.
1044 1326 1131 1349 cum
1151 1288 1303 1362 posteri.
1322 1325 1405 1350 ante
1419 1314 1515 1350 Obr.

209 1369 368 1418 Reliqui
385 1383 428 1404 ac
446 1383 480 1404 η.
502 1378 536 1403 ει
557 1371 580 1406 ι’.

289 1463 326 1504 4.
359 1456 505 1504 infinito
538 1460 665 1506 magis.
694 1459 755 1493 Sic
782 1457 897 1492 Goth.
929 1459 1088 1497 Voff.‚2.
1122 1456 1294 1506 infinitae
1311 1472 1356 1493 m.
1387 1456 1512 1493 Guelf-

207 1525 298 1548 cum
324 1513 419 1550 Jens.
450 1513 560 1547 Tarv.
584 1512 745 1559 Reliqui
767 1513 911 1558 infinite
929 1526 974 1548 m.
1006 1512 1187 1547 Nostrum
1211 1523 1310 1546 recte
1322 1524 1514 1546 commen·

208 1567 274 1602 dat
289 1567 421 1602 Burm.
442 1567 591 1602 duobus
616 1567 732 1600 nosti-i
752 1565 933 1614 exemplis
955 1573 991 1610 8,
1012 1573 1044 1609 4,
1070 1573 1132 1608 25.
1169 1581 1183 1600 1
1198 1581 1229 1605 1,
1251 1575 1286 1608 3,
1311 1575 1397 1608 172.
1451 1565 1514 1601 Sic

207 1621 396 1669 infinitum
417 1621 590 1656 adverbii
609 1620 694 1655 loeo
717 1622 757 1656 in
779 1620 887 1656 Decl.
905 1623 975 1668 Qu.
997 1629 1086 1664 557.
1107 1634 1143 1668 p.
1157 1621 1246 1662 356.
1280 1621 1375 1655 Mox
1387 1620 1510 1655 Guelf-

206 1678 400 1712 delectant.
434 1676 554 1711 Modo
580 1677 707 1723 Camp.
727 1685 896 1710 auctores.
1113 1677 1316 1721 impetrant.
1347 1676 1407 1710 Sic
1436 1677 1513 1710 Tu·

205 1732 276 1766 ric.
302 1730 403 1767 Flor.
431 1731 563 1766 Ambr.
585 1739 619 1765 2.
652 1730 776 1766 Guelf.
799 1731 927 1777 Camp.
957 1742 1042 1764 eum
1063 1730 1159 1766 Jens.
1184 1729 1276 1764 Obr.
1298 1731 1403 1765 Gesn.
1427 1731 1511 1777 Bip.

207 1787 401 1833 impetrent
428 1785 592 1832 reliqui,
622 1785 852 1832 quibuscum
881 1783 996 1819 Goth.
1029 1784 1135 1822 facit,
1168 1796 1239 1819 err.
1266 1785 1373 1820 Gesn.
1415 1785 1513 1820 Mox

205 1842 319 1877 nullis
346 1841 442 1879 Jens.
469 1840 582 1876 Tarv.
603 1838 774 1889 frequens
808 1839 954 1874 omittit
973 1838 1100 1874 Guelf-

208 1912 228 1945 Ι
291 1936 326 1974 5.
349 1928 473 1975 fictas.
507 1928 636 1975 Camp.
657 1930 780 1963 victas.
806 1928 851 1962 cf.
875 1927 909 1967 6,
933 1937 955 1971 5
993 1938 1027 1973 9.
1257 1928 1317 1962 ubi
1339 1935 1375 1961 et
1398 1927 1510 1962 credi·

205 1999 293 2021 mus.
323 1983 446 2020 Guels.
478 1999 510 2018 u.
544 1980 705 2032 neceffeft
733 1984 795 2017 ubi
825 1992 860 2017 ec
888 1997 931 2018 cr.
975 1983 1030 2017 An
1055 1983 1130 2017 fuit
1160 1983 1210 2018 ibi
1230 1993 1313 2017 ante
1337 1995 1408 2016 nec.
1432 1979 1510 2029 efi?

203 2041 303 2077 Mox
330 2039 431 2076 Flor.
453 2038 692 2086 adfirmarim.
716 2039 815 2077 Vols.
841 2052 871 2074 1.
905 2035 1126 2086 affirmatum
1149 2039 1327 2074 omittens
1346 2036 1413 2072 ille
1433 2049 1509 2073 mo·

204 2098 329 2132 menti.

258 2225 294 2262 4.
330 2215 506 2265 vilfflmis
533 2234 589 2244 ·—
619 2215 830 2264 quibusdam
885 2226 1041 2264 gerunt,
1099 2214 1324 2251 celebriores
1360 2212 1508 2249 fortaffe

202 2276 400 2322 impetrant:
430 2285 542 2307 aures.
585 2272 829 2308 Coucinnita·
886 2271 984 2318 apud
1006 2281 1153 2306 exteros
1174 2283 1286 2318 quam
1308 2269 1425 2304 domi.

202 2329 253 2363 tis
287 2328 355 2363 esse
390 2327 541 2362 videtur
571 2337 613 2364 ut
644 2327 726 2374 post
753 2327 829 2374 qui·
942 2334 975 2369 5.
1009 2324 1144 2376 Quodsi
1163 2328 1199 2359 in
1218 2322 1455 2360 rebus—ubi
1473 2332 1510 2359 et

204 2383 353 2418 busdam.
374 2383 555 2416 inseratur
584 2385 646 2417 ita.
703 2379 829 2415 Simili
885 2383 1065 2416 credimus.
1086 2380 1132 2414 cf.
1156 2381 1190 2420 6,
1214 2389 1249 2420 2,
1272 2387 1337 2422 35.
1374 2380 1508 2413 Fateor

203 2438 321 2473 modo
340 2439 390 2472 ita
404 2437 557 2484 usurpat
574 2436 695 2473 noster
713 2450 726 2470 ι
743 2437 829 2470 Pro.
885 2447 1022 2476 autem,
1050 2436 1096 2469 vin
1124 2435 1300 2470 extr-emis
1324 2434 1426 2469 his‘ce
1441 2431 1506 2465 ali-

206 2503 300 2528 extr.
331 2518 351 2533 ‚‚
365 2495 416 2527 ita
444 2491 586 2533 desunt,
610 2502 652 2526 ut
672 2510 726 2518 -
747 2502 828 2525 cor·
885 2491 979 2539 quid
991 2490 1106 2524 deeffe
1125 2489 1224 2523 mihi
1242 2489 1386 2528 vide1·i;
1411 2487 1504 2520 adeo

205 2551 448 2595 „rumpant.“
475 2559 534 2586 10,
569 2561 601 2588 ι,
636 2556 697 2593 49.
742 2547 829 2585 „ita
886 2546 1021 2581 desinit
1049 2545 1176 2592 potius
1210 2554 1317 2590 quam
1345 2540 1506 2577 absolvi-

207 2601 367 2643 „multa‚
399 2611 441 2635 ut
460 2619 511 2628 ——
528 2608 694 2649 petant.“
723 2601 829 2635 Cete-
886 2611 949 2635 tui·
971 2599 1157 2634 sententia.
1185 2599 1243 2632 An
1263 2611 1282 2631 a
1304 2595 1507 2644 Quintilia-

207 2669 294 2691 rum
315 2663 459 2704 poetae,
486 2656 612 2702 quales
625 2657 686 2691 hic
701 2655 831 2689 descri-
888 2668 939 2690 no
972 2654 1066 2689 fuit:
1100 2654 1160 2687 ubi
1185 2660 1220 2687 et
1242 2653 1394 2688 creditur
1411 2650 1517 2687 nobis
1553 2686 1557 2689 ,
1588 2697 1591 2700 .

208 2711 372 2751 buntur,
400 2710 512 2747 nobis
540 2724 693 2760 quoque
714 2710 834 2745 conti·
893 2719 928 2745 ec
949 2709 1152 2744 credimus?
