1630 3048
393 211 557 258 INST.
608 209 887 258 ORATOR.
932 209 1055 254 Lm.
1102 209 1174 265 x,
1225 221 1268 254 1.
1326 268 1331 269 γ
1439 207 1502 266 09

122 333 297 390 ”Idem
338 337 494 387 nobis
540 353 636 403 per
672 335 942 387 Romanos
992 351 1211 400 quoque
1258 345 1497 385 auctores
1526 350 1577 390 85

153 415 289 466 ordo
319 413 597 464 ducendus
631 412 715 462 est.
792 416 976 478 Itaque
1001 423 1060 462 ut
1080 412 1223 477 apud
1246 412 1370 461 illos
1395 415 1505 460 Ho-

150 509 355 551 merus,
394 489 460 540 fic
481 491 625 558 apud
643 507 740 541 nos
773 489 1032 559 Virgilius
1050 487 1505 555 auspicatissimum

153 569 359 619 dederit
393 568 697 625 exordium,
734 569 976 617 omnium
1007 571 1119 628 ejus
1145 566 1352 632 generis
1379 570 1507 631 poe'-

151 658 357 705 tarum,
399 647 716 694 Graecorum
749 643 1190 709 nostrorumque,
1225 642 1372 693 haud
1392 642 1506 695 du-

150 723 239 774 bie
263 723 552 790 proximus.
622 725 758 772 Utor
779 723 925 770 enim
944 722 1120 771 verbis
1140 720 1347 781 iisdem,
1367 737 1502 786 quae
1527 725 1579 772 86

153 817 219 849 ex
265 799 393 849 Afro
423 800 667 849 Domitio
705 799 915 860 juvenis
961 799 1167 865 excepi:
1235 799 1333 863 qui
1366 797 1506 847 mihi

151 877 525 945 interrogaiiti,
565 892 726 941 quem
754 879 991 925 Homero
1026 876 1260 924 crederet
1278 876 1506 924 maxime

154 953 422 1010 accedere,
485 954 770 1010 Secundus,
828 953 1035 1017 inquit,
1091 949 1172 1020 est
1228 944 1531 1022 Virgilius‚‘

147 1033 366 1095 propior
382 1039 553 1077 tamen
566 1032 753 1093 primo,
791 1047 949 1093 quam
974 1032 1140 1078 tertio.
1199 1033 1266 1078 Et
1285 1029 1504 1077 hercule

82 1137 88 1142 -
150 1117 212 1156 ut
242 1107 326 1155 illi
347 1116 566 1156 naturae
586 1104 796 1156 coelesti
818 1115 975 1172 atque
997 1106 1288 1156 immortali
1306 1103 1506 1155 cefferi-

234 1261 434 1301 Homerus,
472 1258 534 1310 fic.
601 1259 733 1296 Turio.
767 1258 872 1296 Flor.
904 1259 924 1306 (
935 1259 1001 1296 hic
1034 1260 1193 1308 quidem
1214 1259 1300 1310 fit)
1336 1261 1506 1295 homeres

149 1316 200 1364 fit
217 1315 250 1366 s.
281 1329 301 1351 a
331 1330 389 1365 pr.
419 1327 581 1366 uterque
614 1329 666 1352 m.
728 1317 911 1352 Graecam
942 1316 1108 1352 formam
1137 1318 1281 1352 retinet
1302 1317 1436 1352 Turic-
1468 1326 1505 1351 et

154 1371 274 1409 habet
303 1371 403 1408 Alm.
639 1373 741 1421 apud
770 1385 839 1409 nos
875 1373 980 1421 Virga
1055 1373 1189 1408 Turic.
1235 1373 1386 1409 omittit
1424 1384 1503 1411 nos,

153 1440 250 1465 mox
268 1441 341 1478 pro
363 1442 408 1464 eo
428 1428 585 1477 reponit
603 1430 804 1469 Romanos,
831 1433 871 1464 ‘et
889 1429 992 1466 idem
1015 1443 1087 1478 pro
1109 1442 1175 1464 nos
1197 1431 1330 1478 Camp.
1390 1429 1424 1464 A
1444 1441 1504 1477 pr.

153 1498 206 1520 m.
229 1483 332 1520 Flor.
355 1485 504 1521 omittit
526 1486 638 1535 apud.
783 1482 1059 1535 nostrorumque
1075 1513 1085 1526 ‚
1116 1486 1226 1521 haud.
1286 1486 1350 1521 Sic
1372 1485 1505 1520 Turic.

151 1540 257 1578 Flor.
291 1540 418 1577 Guelf.
451 1541 584 1590 Camp.
619 1540 738 1577 Goth.
763 1542 861 1580 Jens.
885 1543 986 1586 (tac.
1009 1543 1147 1585 Gesu.)
1167 1555 1256 1577 cum
1276 1541 1378 1577 Alm.
1402 1541 1503 1577 Voss.

157 1610 191 1634 1.
216 1609 253 1634 2.
274 1606 311 1642 5.
343 1608 381 1633 et
404 1597 490 1634 edd,
520 1608 606 1634 ante
628 1596 716 1633 Ald.
741 1612 816 1635 acc.
838 1597 949 1634 Bam.
1008 1598 1171 1647 Reliqui
1200 1599 1324 1648 Regio
1348 1597 1506 1644 jubente

151 1654 324 1690 inserunt
354 1654 422 1693 illi.

195 1710 200 1723 '
239 1710 306 1756 86.
344 1711 450 1747 Utor.
507 1711 570 1746 Sic
590 1711 723 1747 Turio.
746 1709 851 1746 Flor.
882 1711 930 1746 Ut
950 1709 1076 1747 Guelf.
1099 1724 1190 1748 cum
1208 1711 1314 1750 Voss'.
1338 1719 1375 1753 5.
1435 1710 1509 1743 Re·

153 1766 257 1816 liqui
280 1768 383 1803 Utar.
524 1780 568 1803 ea:
590 1766 700 1815 Afro.
759 1767 1085 1816 Praepofitionern
1111 1782 1129 1803 a
1152 1781 1285 1817 p1·..rn.
1319 1766 1509 1803 omittunt

155 1823 290 1874 Turio.
321 1822 427 1860 Flor.
459 1837 554 1874 quae
582 1825 792 1860 defiderare
822 1835 1001 1860 narratur
1025 1824 1127 1861 Alm.
1161 1825 1207 1859 ab
1230 1827 1277 1860 A.
1296 1824 1396 1862 Jens.
1418 1834 1507 1858 cum

158 1879 244 1916 edd.
265 1879 360 1928 post.
384 1890 470 1916 ante
493 1880 602 1916 Bafil.
825 1881 964 1928 excepi.
1023 1881 1086 1917 Sic
1105 1881 1238 1917 ‘rm-ic.
1262 1882 1393 1929 Camp.
1417 1891 1506 1914 cum

155 1935 259 1972 Alm.
289 1936 394 1974 Voss‘.
432 1951 467 1973 ι.
489 1945 526 1981 5.
559 1948 598 1973 et
617 1935 702 1972 edd.
726 1946 812 1971 ante
833 1935 943 1972 Bam.
965 1938 1063 1985 (nisi
1084 1937 1189 1987 qnod
1209 1939 1359 1975 Veneta
1385 1936 1506 1983 cepi)-

157 1992 291 2029 Turic.
312 1991 417 2029 Flor.
440 1997 478 2039 (a
498 2006 557 2042 pr.
579 2007 630 2029 m.
656 1993 803 2042 uterq.)
822 1994 952 2039 excipi.
1010 1993 1172 2042 Reliqui
1191 1995 1325 2042 accepi.
1368 1990 1509 2026 Malim

159 2049 235 2084 fine
253 2050 423 2098 praepos.
447 2063 539 2098 quae
562 2048 658 2097 Afro
676 2068 733 2076 —
756 2050 876 2084 elicui.
1079 2052 1250 2086 hercules
1290 2049 1354 2084 Sic
1373 2047 1507 2083 Turia.

157 2103 263 2140 Flor.
295 2103 423 2140 Guelf.
450 2105 569 2144 Goth.
597 2108 697 2150 (tac.
731 2105 874 2153 Gesn.)
903 2105 1037 2156 Camp.
1057 2107 1104 2142 cf.
1130 2115 1165 2150 5,
1196 2116 1257 2146 12,
1285 2104 1346 2140 16.
1386 2117 1447 2143 ιο,
1473 2113 1508 2143 2,

161 2167 199 2203 5.
256 2157 418 2207 Reliqui
435 2160 564 2197 hercle.
737 2169 777 2196 ut
798 2161 867 2198 illi.
927 2163 1060 2199 Turic-
1083 2163 1187 2198 Flor„
1209 2162 1296 2207 (hic
1316 2175 1335 2195 a
1355 2173 1413 2209 pr.
1435 2162 1508 2203 m.)

161 2229 244 2250 cum
272 2217 295 2251 ἰ.
327 2227 415 2251 cum
445 2215 565 2252 Goth.
785 2215 933 2266 coelesti
964 2228 1072 2268 atque
1102 2218 1315 2254 immortali.
1381 2214 1509 2252 Guelf.

163 2284 192 2307 c.
217 2280 327 2319 atque
344 2271 494 2307 divinae
512 2284 600 2307 cum
618 2271 724 2311 Voss'.
747 2281 784 2309 2.
814 2273 890 2315 (cf.
911 2277 946 2322 ᾖ.
970 2281 1036 2318 82.
1061 2275 1105 2311 it.
1128 2276 1221 2317 88.)
1279 2273 1353 2308 Sed
1375 2273 1508 2320 Camp.

162 2327 311 2363 divinae
337 2337 449 2377 atque
477 2341 507 2363 c.
537 2340 627 2364 cum
657 2327 746 2365 Ald.
776 2327 887 2366 Bam.
918 2327 1020 2377 (nisi
1051 2331 1158 2379 quod
1182 2330 1276 2366 haec
1298 2329 1423 2366 divine
1442 2331 1509 2372 at)

152 2500 155 2502 ,
219 2459 286 2506 36.
322 2460 416 2496 Utor
431 2463 539 2497 enim.
577 2461 703 2508 Quare
723 2475 810 2510 pro·
924 2477 1019 2514 quae
1056 2476 1100 2499 ex
1141 2462 1238 2511 Afro
1278 2481 1334 2491 —
1370 2465 1508 2511 excepi.

161 2519 300 2554 mimum
340 2516 565 2567 appellarit,
613 2528 745 2554 tuetur
775 2518 810 2554 fe
866 2523 1007 2557 Parum
1036 2520 1128 2556 tersa
1161 2520 1298 2556 oratio.
1349 2519 1396 2556 cf.
1428 2530 1510 2555 not.

163 2574 391 2611 auctoritate
407 2574 602 2616 Domitii3
622 2587 694 2610 nec
714 2587 811 2624 opus
869 2581 954 2613 crit.
1026 2579 1073 2612 In
1119 2576 1324 2612 accedendo
1381 2575 1428 2611 cf.
1472 2575 1510 2615 6,

164 2631 288 2680 igitur
318 2640 405 2666 utar
433 2630 598 2667 scribere
633 2643 720 2666 cum
751 2644 812 2666 re·
870 2644 909 2675 2,
934 2639 999 2678 55.

166 2686 425 2728 centioribus,
467 2700 555 2724 cum
583 2686 685 2724 nihil
716 2687 815 2726 novi
930 2700 970 2726 ut
989 2710 1044 2718 —-
1064 2687 1276 2740 cefferimus‚
1303 2691 1368 2726 ica.
1411 2689 1515 2725 Cave

166 2755 263 2780 mox
282 2743 468 2794 proferat.
871 2747 1169 2794 conjunctivum
1198 2757 1347 2795 repetas
1375 2746 1420 2782 ab
1453 2755 1518 2786 ut,-
