1676 3028
486 56 508 90 ,ι

324 227 487 273 INST.
525 224 803 272 ORATOR.
835 222 957 270 Lm.
993 220 1090 278 XI,
1133 230 1178 276 3.
1317 228 1412 275 355

20 407 26 413 ,
82 370 215 405 mus.
271 355 336 422 E}
367 353 581 401 hercule
617 366 737 400 cum
767 347 974 399 valeant
999 345 1231 396 multum
1253 343 1413 393 verba
1434 361 1459 399 9

82 448 180 499 per
199 428 268 488 se,
300 441 352 478 et
368 447 477 479 vox
497 429 765 495 propriam
787 428 899 476 vim
922 425 1128 485 adjiciat
1146 423 1324 480 rebus,
1363 431 1415 470 et

85 506 259 573 gestus
296 517 580 572 motusque
613 502 872 571 fignificet
901 500 1105 567 aliquid
1119 506 1135 558 ‚'
1172 496 1414 566 profecto

83 582 376 650 perfectum
419 582 675 647 quiddam
713 579 863 639 fieri,
913 595 1036 629 cum
1066 579 1243 628 omnia
1271 575 1416 626 -coie-

86 672 231 718 runt,
248 658 445 709 neceffe
464 659 549 708 est.
590 661 723 708 Sunt
745 669 918 723 tamen
936 657 1029 722 qui
1043 654 1232 705 rudem
1252 654 1415 712 illam,
1441 677 1490 703 ιο

84 746 136 786 et
148 738 359 802 qualem
380 737 609 804 impetus
633 734 1071 800 cujusqueanimi
1093 732 1233 789 tulit,
1257 731 1416 780 actio-

83 830 206 863 nem
229 813 464 873 iudicent
478 812 772 870 fortiorem,
787 822 837 860 et
856 810 1016 860 solam
1029 810 1158 859 viris
1174 809 1415 874 dignam:

82 889 174 939 sed
195 906 306 939 non
332 890 422 938 alii
450 887 576 946 fere,
617 906 775 954 quam
799 889 894 954 qui
916 889 1071 936 etiam
1100 887 1158 935 in
1186 883 1416 934 dicendo

84 977 270 1014 curam·
296 976 346 1013 et
377 976 539 1015 artem
571 975 622 1013 et
653 965 910 1022 nitorem,
951 975 1003 1012 et
1025 961 1293 1028 quidquid
1312 959 1420 1010 stu-

84 1041 176 1091 dio
209 1051 449 1109 paratur,
494 1052 556 1090 ut
595 1037 824 1089 affectata
856 1051 907 1089 et
937 1057 1128 1107 parum
1159 1037 1420 1087 naturalia

0 1115 252 1169 999solent
283 1118 612 1187 improbare3
677 1118 765 1166 vel
802 1119 898 1182 qui
931 1117 1223 1166 verborum
1261 1125 1419 1179 atque

83 1193 250 1263 ipsius
271 1196 428 1244 etiarn
450 1194 565 1244 soni
589 1193 873 1244 rusticitate
887 1231 901 1253 ,
941 1204 1003 1244 ut
1025 1196 1082 1243 L.
1110 1194 1317 1244 Cottam
1338 1190 1421 1239 di-

85 1270 156 1321 cit
191 1273 378 1322 Cicero
426 1269 627 1339 feeiffe‚
689 1272 1042 1320 imitationem
1091 1269 1419 1334 antiquitatis

86 1345 338 1396 affectant.
413 1351 612 1397 Verum
642 1347 724 1396 illi
755 1346 1087 1413 persuasione
1115 1345 1206 1394 sua
1238 1345 1419 1395 fruan-
1446 1366 1495 1391 ιι

85 1434 191 1481 tur,
228 1425 324 1489 qui
343 1424 672 1481 hominibus,
710 1435 772 1473 ut
788 1423 890 1473 [int
909 1433 1154 1480 oratores,
1182 1421 1299 1471 satis
1323 1438 1425 1487 pu-

84 1509 196 1549 tant
236 1498 398 1549 nasci:
447 1499 626 1550 nostro
666 1500 835 1549 labori
870 1499 998 1548 dent
1032 1500 1278 1556 veniam,
1325 1498 1424 1563 qui

83 1576 222 1627 nihil
255 1576 519 1630 credimus
549 1575 646 1626 effe
678 1576 1001 1646 perfectum,
1049 1574 1152 1624 nisi
1198 1576 1295 1625 ubi
1331 1591 1421 1624 na·

83 1663 202 1704 tura
222 1669 344 1704 cura
365 1657 594 1717 juvetur.
674 1657 737 1704 In
762 1654 867 1705 hoc
900 1653 1063 1720 igitur
1095 1670 1207 1703 non
1236 1663 1425 1703 contu-

172 1784 391 1835 9.'hercule.
423 1785 485 1822 Sic
502 1786 634 1823 Tui-ic.
657 1784 784 1825 Guelf.
805 1786 937 1836 Camp.
969 1784 1131 1835 Reliqui
1152 1784 1280 1822 hercle.
1294 1784 1340 1822 cf.
1357 1798 1423 1828 10,

89 1854 127 1886 2,
151 1852 189 1886 3·
221 1844 320 1879 Mox
333 1844 463 1877 Turio.
486 1844 581 1880 dum.
617 1843 718 1880 Voff.
747 1858 780 1880 1.
812 1844 1032 1880 convaleant
1051 1856 1122 1892 pro
1143 1857 1222 1877 cum
1237 1843 1310 1877 val.
1343 1845 1421 1878 Pro

89 1900 248 1946 adjiciat
268 1900 401 1934 Turic.
424 1900 540 1934 adiat.
581 1903 656 1935 Pro
677 1901 751 1934 vim
770 1899 904 1935 Ambr.
928 1901 1088 1935 2.1·v1’am
1106 1913 1194 1935 cum
1214 1898 1318 1935 Voff.
1337 1913 1371 1934 ι.
1384 1907 1423 1942 5.

88 1957 203 1993 Bern.
451 1958 626 1992 coierunt.
667 1957 729 1992 Sic
755 1956 887 1991 Turic.
914 1955 1016 1992 Flor.
1051 1946 1186 2004 Cdmp.
1216 1968 1303 1990 cum
1335 1954 1423 1992 edd.

91 2023 176 2048 ante
205 2010 315 2047 Bam.
349 2013 492 2047 coirunt
511 2013 644 2050 Ambr.
670 2025 704 2049 2.
729 2011 806 2048 cof.
831 2012 958 2048 Guelf.
981 2015 1098 2048 coiere
1117 2012 1234 2049 Goth.
1253 2011 1359 2050 Voff.
1383 2020 1424 2048 2.

91 2069 267 2116 εοῇ-ιῖἰεεν.
295 2079 398 2117 Voss'.
417 2092 450 2116 1.
485 2081 605 2116 Modo
648 2079 840 2129 1gn1'ficent
856 2079 1089 2116 Goth.Voss'.
1105 2091 1140 2116 2.
1171 2094 1215 2114 ne
1228 2078 1426 2129 fignificee

90 2136 197 2176 Vols.
218 2150 248 2170 ι.
263 2131 312 2183 est
324 2135 408 2184 post
427 2135 560 2185 neceffe
573 2138 719 2173 omittit
732 2135 857 2174 Guelf.
889 2138 1089 2182 Moxjuris
1103 2136 1227 2172 Guelf.
1240 2149 1312 2185 pro
1326 2137 1427 2172 viris.

181 2203 244 2228 ιι.
276 2198 410 2227 natura
434 2206 518 2227 cura
543 2194 702 2237 juvetur.
732 2192 863 2229 Turic.
894 2206 930 2227 n.
958 2194 1140 2238 juventus.
1171 2193 1274 2228 Flor.
1303 2186 1427 2244 (apr.

91 2249 175 2293 m.)
198 2261 234 2284 η.
251 2249 436 2294 juventur.
472 2248 532 2284 Ab
551 2248 652 2284 Alm.
673 2249 773 2285 abest
793 2263 888 2287 cura.
1129 2252 1253 2299 igitur.
1292 2250 1428 2297 Camp-

155 2374 221 2396 ιο.
260 2362 410 2397 Cottam
446 2361 551 2397 dicit
597 2362 733 2398 Cicero.
789 2360 985 2411 Displicet
1081 2358 1432 2399 homoeoteleuton

92 2419 198 2455 Loca
216 2418 302 2453 sunt
321 2416 366 2453 de
386 2417 492 2453 Orat.
514 2427 551 2461 3,
576 2430 590 2451 ι
606 2431 638 2456 ι.
671 2409 734 2455 12¹.
792 2419 1043 2459 continuum,
1087 2419 1199 2467 quale
1240 2429 1276 2453 et
1318 2418 1431 2467 supra

92 2475 204 2514 Brut.
228 2483 292 2517 74.
330 2474 422 2509 vide
453 2484 490 2509 et
519 2488 589 2511 nos
616 2476 663 2511 ad
699 2489 733 2517 1,
792 2475 823 2519 §.
846 2487 882 2523 9.
912 2474 1079 2524 profecto
1102 2474 1314 2524 perfectum.
1345 2475 1429 2510 No-

94 2536 138 2578 45
163 2540 224 2574 17.
263 2530 377 2566 Ratio
420 2530 624 2567 refellendi
660 2531 733 2567 hos
791 2531 866 2567 ftro
887 2542 1013 2567 tamen
1034 2531 1121 2567 loco
1135 2531 1307 2567 remedio
1319 2530 1431 2567 fuiss'e

13 2599 24 2607 “
95 2587 167 2634 qui
201 2598 318 2623 artem
361 2587 573 2624 excludunt
603 2588 734 2624 eadem
791 2589 951 2624 videtur
985 2587 1265 2637 cacophoniae‚
1321 2586 1431 2635 quod

97 2654 194 2691 quae
216 2655 253 2691 9,
272 2650 310 2690 4,
332 2653 370 2687 5.
393 2650 428 2688 4.
792 2659 876 2679 cura
907 2645 949 2679 in
972 2645 1184 2693 penultima
1204 2643 1320 2679 habet
1340 2656 1430 2679 acu-

789 2711 886 2742 tum,
917 2714 1052 2736 natura
1072 2699 1377 2736 circumflexum.

158 2763 224 2790 ιι.
263 2763 394 2792 natura
443 2771 528 2795 cura
575 2759 734 2804 juvetur.
853 2767 917 2794 12.
947 2771 1022 2794 non
1052 2759 1323 2795 contumaciter.
1379 2757 1442 2791 In'
