1696 3016
130 817 150 834 Α

235 261 299 294 22
483 311 488 315 ἡ
543 249 617 295 Μ.
661 251 794 296 ΕΑΒ.
841 246 1248 312 QUINT1L1AN1

235 370 423 434 utique
469 369 579 436 ess'e'
604 370 840 436 perfecta.
929 374 1068 421 Nam
1101 382 1150 420 et
1184 372 1433 422 labuntur
1464 373 1556 421 ali-

237 445 475 510 quando,
513 457 564 494 et
597 448 745 495 oneri
773 447 989 505 cedunt,
1029 458 1079 495 et
1111 447 1385 512 indulgent
1411 445 1557 512 inge-

237 521 453 570 niorum
484 520 701 570 suorum
728 524 1006 591 voluptati:
1047 539 1142 570 nec
1168 521 1366 587 semper
1384 524 1557 577 inten-

238 594 376 644 dunt
392 598 650 645 animum:
690 613 1071 660 nonnunquam
1093 596 1371 661 fatigantur
1382 603 1399 645 ε’
1435 615 1557 646 cum

239 671 482 719 Ciceroni
505 671 782 719 dormitare
803 674 1013 720 interim
1033 670 1422 730 Demosthenes,
1449 676 1558 721 Ho-

167 755 217 792 25
238 747 370 794 ratio
389 762 516 794 vero
536 747 688 794 etiam
709 751 970 796 Homerus
989 745 1096 811 ipse
1114 746 1368 794 videatur.
1408 747 1559 794 Sum-

237 820 314 868 mi
358 822 500 870 enim
540 819 687 880 sunt,
741 820 983 871 homines
1019 832 1217 869 tamen:
1270 820 1558 886 acciditque

322 971 482 1005 animum
496 984 507 1004 .-
528 984 796 1019 nonnunquam.
828 971 890 1006 Sic
902 971 1032 1005 Turic.
1044 971 1144 1006 Flor.
1157 969 1280 1007 Guelf.
1297 971 1426 1019 Camp.
1440 966 1559 1007 Goth.

238 1024 336 1064 Jens·
367 1028 462 1069 (tac.
494 1027 635 1067 Gesn.)
675 1039 762 1060 cum
796 1027 879 1061 edd.
911 1036 994 1060 ante
1023 1025 1130 1062 Bafil.
1164 1039 1246 1061 acc.
1273 1025 1368 1061 Obr.
1400 1025 1560 1073 Reliqui

238 1075 409 1115 inse'runt
441 1089 477 1115 et:
503 1078 777 1127 Demosthenem,
807 1083 964 1116 Heracle
994 1095 1092 1117 vero.
1150 1082 1280 1116 Turic.
1310 1082 1345 1116 d.
1371 1083 1489 1116 oratio
1510 1095 1558 1120 v„

239 1148 261 1169 a
288 1134 360 1170 sec.
390 1148 442 1171 m.
473 1133 711 1183 demosthenis
731 1139 849 1171 oratio
871 1150 1000 1177 rerum,
1020 1146 1058 1172 et
1075 1138 1123 1171 fic
1145 1135 1270 1171 Guelf.
1292 1136 1422 1183 Camp.
1441 1135 1563 1172 Goth.

238 1190 334 1229 Jens.
357 1190 445 1234 (tac.
466 1191 598 1236 Gesn.)
618 1204 705 1224 cum
729 1192 812 1226 edd.
832 1202 915 1227 ante
932 1191 1022 1227 Bad.
1047 1192 1138 1238 qui,
1171 1201 1272 1226 recte
1291 1191 1392 1236 ajens
1414 1190 1560 1225 dormi-

240 1254 319 1279 tare
345 1245 558 1293 superiores
585 1246 627 1279 in
655 1245 694 1282 h.
716 1246 742 1280 l.
771 1259 906 1281 verum
934 1246 1118 1287 restitum
1147 1239 1245 1280 rnale
1279 1255 1403 1281 tamen
1424 1245 1560 1280 omiffo

238 1312 345 1340 vero,
376 1300 482 1348 quod
500 1299 588 1334 loco
608 1300 736 1336 reddit
755 1301 862 1335 Bafil.
895 1301 942 1335 cf.
963 1301 1009 1335 ad
1030 1312 1072 1345 7,
1096 1306 1139 1344 4,
1164 1307 1202 1344 8.

324 1383 390 1420 25.
422 1376 633 1424 acciditque.
690 1376 822 1415 Turic.
845 1377 947 1414 Flor.
968 1376 1094 1415 Guelf.
1121 1390 1192 1413 occ.
1251 1377 1381 1427 Camp.
1403 1375 1522 1414 acced-

239 1506 301 1542 Sic
329 1506 432 1541 enim
457 1506 658 1542 rectiffime
686 1508 872 1542 Burman·

238 1574 332 1597 nus:
357 1560 592 1608 ,ferebantur
607 1562 633 1596 i.
656 1575 686 1596 e.
708 1561 871 1598 ceiebra-

238 1616 417 1656 „bantur‚
439 1627 475 1652 et
490 1617 533 1651 in
551 1616 726 1652 manibus
745 1617 871 1652 homi-

237 1684 359 1711 ,‚num
381 1681 419 1706 et
439 1683 504 1706 ore
525 1682 640 1706 erant.
694 1674 749 1706 Ita
769 1675 871 1708 Suet.

238 1725 369 1766 ..caen
391 1736 454 1761 20.
493 1726 603 1774 vulgo
621 1726 807 1774 ferrentur
835 1727 874 1760 1ιί

239 1780 397 1828 „versam
465 1782 551 1817 Non
597 1782 730 1817 Bibulo
768 1782 871 1831 quid-

237 1849 373 1884 „quam
402 1846 470 1872 cet.
512 1849 542 1871 c.
570 1845 632 1880 55.
673 1839 763 1872 inter
784 1849 873 1885 quos

239 1898 398 1930 „temere
461 1893 638 1939 quaedam
687 1891 870 1939 feruntur.

239 1958 296 1986 „c-
330 1945 395 1987 56.
439 1945 611 1994 feruntur
641 1956 678 1983 et
707 1961 730 1982 a
761 1960 872 1994 puero

239 2008 301 2042 „et
337 1999 384 2034 ab
424 2001 650 2050 adolescente
697 2003 874 2050 quaedam

239 2053 410 2102 ,‚scr1'pta.
469 2058 620 2092 Terent.
645 2059 743 2092 Eun.
765 2068 810 2098 2,
835 2066 871 2099 5.

240 2111 463 2149 „audiet-as?
494 2111 566 2147 Gn.
579 2110 715 2160 saepe,·
747 2122 783 2147 et
793 2111 872 2159 fer-

239 2173 323 2203 ‚‚tur
352 2167 388 2200 in
415 2168 562 2214 primis':
603 2177 640 2202 et
667 2169 714 2202 fic
741 2167 872 2216 paffim

239 2221 321 2259 „ita
341 2219 507 2266 ferunt.“

295 2274 464 2311 labuntur
498 2278 709 2326 aliquando.
754 2302 777 2318 „
791 2278 873 2313 No·

240 2328 338 2370 „ster
358 2341 437 2378 cap.
455 2333 526 2379 seq.
544 2332 597 2378 (ᾖ.
623 2335 700 2377 ²5·)
731 2347 815 2367 nam
838 2342 874 2368 et

237 2388 412 2432 „magnis
470 2400 609 2435 quoque
666 2389 872 2423 auctoribus

238 2441 434 2479 „excidunt
459 2440 592 2490 vitiosa
626 2449 722 2478 cet.“
747 2442 873 2479 Alme·

238 2491 367 2530 loven.

297 2551 461 2586 Ciceroni
471 2553 667 2588 dormitare
679 2573 726 2581 —
739 2555 874 2588 Home-

241 2617 310 2639 rus.
350 2607 430 2641 Cic.
448 2607 553 2643 Orat.
575 2618 637 2654 29.
680 2610 874 2649 „Tantum

240 2659 363 2699 „abest
386 2671 428 2695 ut
447 2662 569 2696 nostra
590 2663 799 2703 miremur,
831 2674 874 2699 ut

222 2727 387 2762 musque
409 2729 452 2751 eo
477 2715 650 2752 difficiles
671 2731 712 2752 ac
732 2719 872 2753 morofi

925 1509 1086 1549 „slmus,
1130 1519 1174 1544 ut
1201 1508 1314 1544 nobis
1351 1521 1431 1544 non
1459 1507 1562 1544 satis-

927 1563 1066 1604 „faciat
1083 1564 1159 1612 ipse
1170 1563 1444 1599 Demosthenes
1459 1577 1467 1599 :
1492 1563 1563 1610 qui

927 1631 1171 1666 „quanquam
1192 1632 1291 1654 unus
1308 1620 1450 1653 eminet
1460 1618 1562 1653 inter

928 1686 1086 1714 „omnes
1108 1675 1148 1708 in
1166 1674 1273 1708 omni
1285 1686 1421 1721 genere
1434 1673 1563 1708 dicen-

926 1728 1005 1768 „di,
1027 1739 1152 1763 tamen
1169 1741 1247 1763 non
1272 1729 1414 1776 semper
1426 1726 1564 1775 implet

926 1796 1062 1824 „aures
1082 1797 1195 1818 meas.
1251 1785 1308 1818 Ita
1325 1783 1410 1818 sunt
1429 1782 1563 1819 avidae

926 1849 992 1878 „et
1012 1850 1162 1887 capaces
1187 1847 1223 1872 et
1251 1838 1394 1887 semper
1413 1836 1563 1885 aliquid

924 1894 1175 1932 „immensum
1188 1891 1461 1941 infinitumque
1472 1893 1562 1928 defi-

928 1949 1128 1995 ‚,derant.“
1165 1950 1298 1983 Horat.
1318 1948 1365 1983 ad
1383 1948 1453 1984 Pis.
1468 1953 1561 1994 359»

927 2029 952 2044 „
964 2023 1018 2030 —
1035 2003 1222 2050 Indignor
1243 2002 1471 2050 quandoque
1492 2001 1561 2037 bo-

927 2073 1026 2099 „nus
1039 2057 1220 2092 dormitat
1232 2059 1466 2094 Homerus&
1484 2057 1561 2106 Ap-

926 2125 1034 2161 paret
1071 2125 1149 2148 uno
1188 2112 1411 2148 dormitandi
1440 2111 1562 2148 verbo

930 2168 1150 2204 defunctum
1191 2169 1264 2214 Qu.
1310 2167 1353 2202 in
1396 2177 1563 2215 utroque

930 2221 1106 2263 auctore,
1138 2235 1353 2271 quanquam
1382 2220 1493 2261 solus¹
1514 2233 1561 2257 eo

928 2272 1113 2314 Horatius
1152 2279 1237 2314 usus
1276 2287 1365 2314 erat.
1408 2276 1455 2312 ef.
1484 2286 1562 2323 με,

934 2346 951 2367 ι
967 2360 978 2374 ,
1003 2343 1066 2369 22.

987 2395 1051 2431 25.
1084 2388 1246 2424 homines
1271 2395 1401 2423 tamon.
1441 2387 1561 2426 „For-

930 2442 1061 2484 „mula
1083 2442 1257 2482 solennis,
1279 2441 1324 2476 de
1344 2454 1417 2489 qua
1427 2443 1560 2477 Burm.

928 2499 1003 2539 „ad
1024 2500 1146 2533 Petro.
1173 2503 1237 2540 75.
1266 2495 1337 2531 ubi
1357 2497 1471 2532 etiam
1489 2496 1562 2530 Te-

928 2552 1172 2593 ,‚rentianum
1211 2550 1312 2585 illud
1350 2552 1464 2586 homo·
1475 2549 1562 2599 sum

927 2608 1070 2648 „initio
1091 2605 1521 2642 Heautontimorumeni
1541 2618 1562 2639 a

925 2662 1152 2704 „communi
1201 2657 1277 2695 Euo
1327 2659 1562 2696 trahentium

1356 2716 1471 2752 Gesn.
1501 2713 1570 2753 ΟΕ

927 2729 1085 2758 „errore
1107 2715 1319 2753 vindicat.“
