1676 3028
247 278 343 329 384
546 270 619 315 M.
654 272 785 316 ΕΑΒ.
823 270 1229 340 QmNnuANt

175 390 569 456 7ojobsequatur.
661 389 904 454 Aspectus
946 393 1085 440 enim
1126 394 1320 460 semper
1361 398 1545 447 eodem

248 469 483 525 vertitur,
501 482 607 529 quo
631 465 813 528 gestus,
835 468 1057 531 exceptis
1079 486 1208 532 quae
1222 483 1315 536 ‘aut
1340 473 1547 535 damna-

246 560 328 600 re,
365 550 452 589 aut
473 557 584 587 non
608 539 912 598 concedere,
951 552 1039 589 aut
1059 560 1085 590 a
1107 545 1258 594 nobis
1279 559 1548 609 removere

248 615 531 682 oportebit:
614 624 674 663 ut
711 614 851 662 idem
908 616 1046 664 illud
1084 619 1238 669 vultu
1278 620 1548 671 videamur

247 689 478 747 aversari,
516 705 674 738 manu
697 690 944 755 repellere
959 707 974 738 :

292 838 348 851 .-
368 839 423 849 -
460 820 538 858 Dic·
564 817 684 856 talem
718 821 881 857 avertite
901 821 1061 869 pestem.

293 917 348 926 ...
370 916 427 926 -
462 895 597 934 Haud
621 896 798 948 equidem
825 898 901 935 tali
929 912 990 935 me
1020 899 1164 950 dignor
1189 900 1346 942 honore.
1523 883 1635 940 ‘¹⁰¹4
1674 946 1676 950 Α

170 1027 220 1063 71
246 1008 511 1075 Significat
547 1007 685 1058 vero*
705 1011 948 1075 plurimis
981 1013 1163 1062 modis.
1242 1017 1378 1063 Nam
1403 1029 1548 1080 prae-

243 1097 321 1135 ter
347 1084 629 1143 annuendi,
666 1085 939 1143 renuendi,
965 1087 1413 1156 confirmandique
1433 1107 1547 1139 mo-

324 1238 392 1271 7o.
425 1235 578 1263 autnon
597 1229 798 1271 concedere,
821 1239 884 1267 aut
902 1245 925 1266 a
945 1229 1057 1267 nobis.
1089 1230 1219 1266 Turio.
1233 1231 1334 1268 Flor.
1350 1241 1454 1267 autc.
1469 1245 1491 1266 a
1509 1244 1547 1266 n.

240 1284 372 1320 Ambr.
390 1292 425 1318 2.
449 1283 570 1318 Guelf.
591 1284 721 1330 Camp.
746 1300 779 1320 α.
800 1299 826 1320 c.
860 1301 892 1321 a.
915 1300 938 1320 a
959 1300 992 1320 η.
1026 1298 1110 1320 cum
1132 1286 1276 1323 Voss‘.2.
1302 1297 1338 1322 et
1358 1286 1441 1322 edd.
1463 1297 1548 1320 anto

242 1338 388 1387 Gryph.
406 1339 474 1386 qui
483 1338 630 1386 primus
649 1338 761 1375 habet
779 1353 862 1374 non.
894 1341 1006 1387 Quod
1022 1339 1114 1375 Obr.
1137 1342 1248 1387 ejecit
1264 1341 1400 1377 denuo.
1433 1343 1549 1381 Recto

239 1394 315 1430 hoc
327 1393 413 1428 fieri
433 1403 544 1441 negat
554 1395 803 1436 Burmannus,
826 1396 914 1442 quia
927 1396 969 1430 in
989 1396 1163 1444 exemplo
1175 1397 1285 1431 Haud
1303 1397 1465 1445 equidem
1477 1406 1548 1431 cet.

239 1449 346 1485 nulla
380 1449 426 1483 sit
455 1449 653 1483 conceffio.
713 1451 903 1497 Equidem
933 1461 1007 1483 tam
1034 1462 1231 1497 negantem
1254 1464 1364 1503 quam
1388 1450 1548 1496 aientem

238 1504 331 1538 hinc
368 1503 526 1537 alienam
554 1503 685 1547 judico
713 1505 952 1544 sententiam3
1008 1517 1170 1552 cumque
1209 1506 1250 1540 in
1290 1505 1548 1540 vetustiffimis

239 1571 361 1593 unum
395 1567 540 1592 tanttun
568 1557 730 1592 verbum
761 1559 949 1593 concedere
977 1559 1229 1605 interjiciatur
1256 1561 1332 1596 istis
1361 1569 1425 1594 aut
1448 1570 1483 1594 et
1503 1571 1549 1598 α,·

239 1613 339 1648 illud
360 1624 512 1660 quoque
533 1625 751 1659 expungere
773 1613 924 1654 malim,
955 1626 1066 1660 quam
1087 1614 1293 1662 quidquam
1318 1615 1545 1662 corrigendo

240 1669 278 1704 ei
309 1667 403 1703 foris
432 1667 618 1701 arcessere.
678 1667 864 1716 Exempla
895 1668 1046 1703 nonnisi
1075 1669 1151 1703 duo
1184 1670 1390 1706 afferuntur
1419 1680 1454 1704 et
1482 1671 1545 1705 da-

240 1723 389 1758 mnandi
409 1733 445 1757 et
465 1736 488 1756 a
508 1721 550 1769 se
573 1724 791 1762 removendi,
822 1735 943 1768 neque
972 1733 1046 1757 tam
1067 1722 1214 1770 placent
1242 1725 1306 1759 hic
1335 1736 1436 1761 terna
1464 1734 1542 1766 aut,

241 1790 355 1826 quam
389 1777 488 1812 bina.
522 1776 567 1811 cf.
587 1788 646 1816 11,
677 1789 708 1817 1,
733 1777 795 1820 63.
815 1787 851 1811 et
868 1776 932 1812 hic
955 1777 984 1821 §.
1011 1785 1073 1820 55.
1105 1779 1164 1812 An
1184 1779 1281 1814 forte
1297 1779 1434 1827 aliquis
1454 1778 1543 1814 alle-

236 1842 343 1868 verat
371 1831 416 1869 ad
451 1832 622 1866 damnare
652 1831 906 1879 synonymum
935 1832 1188 1874 condemnare,
1218 1835 1318 1869 unde
1341 1836 1478 1869 iactum
1499 1834 1546 1870 fit

236 1887 457 1923 concedere?
496 1886 621 1922 Guelf.
652 1886 844 1934 adversar-1⁹.
893 1887 990 1922 Mox
1020 1890 1123 1922 terris
1152 1901 1170 1923 e
1197 1891 1305 1924 versu
1325 1888 1543 1936 Virgiliano

237 1943 419 1978 omittunt
444 1942 646 1977 nobiscum
667 1943 796 1977 Turie-
819 1940 919 1977 Flor.
939 1942 1070 1977 Ambr.
1093 1952 1127 1978 2.
1156 1943 1278 1979 Guelf.
1299 1946 1426 1991 Camp.
1453 1957 1543 1979 cum

234 1998 340 2035 Voss'.
369 2005 405 2039 5.
436 1997 540 2044 quod
572 2009 641 2044 ego
674 2010 751 2032 non
778 1997 868 2031 inde
885 2008 1015 2045 repeto
1039 2010 1124 2032 cum
1147 1999 1290 2038 Bu1·1n.,
1321 2000 1409 2047 quia
1431 1998 1545 2034 libra-

236 2053 318 2088 rius
341 2052 525 2087 memoria
548 2052 781 2087 aberraverit
809 2052 854 2086 ad
874 2054 967 2088 Aen.
990 2061 1026 2094 5,
1055 2053 1144 2096 265.
1172 2054 1222 2094 Di
1255 2055 1362 2090 talem
1394 2056 1546 2090 avertite
1656 2053 1669 2095 ,Ξ

238 2106 380 2155 casuum
407 2107 466 2143 sed
489 2120 508 2141 a
526 2106 631 2142 solita
661 2107 777 2155 ipsius
798 2106 913 2142 nostri
935 2108 1102 2148 incuriam
1135 2108 1181 2143 cf.
1207 2116 1243 2151 5,
1267 2122 1280 2142 ι
1296 2125 1327 2150 ι,
1347 2119 1409 2145 20.
1443 2121 1478 2156 9,
1507 2116 1544 2154 4.
1655 2088 1676 2184 ξ

239 2168 304 2207 85.
344 2163 484 2198 lisdem
514 2162 734 2197 auctoribus
768 2163 869 2196 inter
899 2162 975 2197 duo
1007 2161 1087 2198 loca
1118 2163 1255 2211 Virgil.
1280 2164 1476 2212 proscripti
1496 2173 1544 2205 et,

239 2211 380 2264 qu'lbus
402 2218 584 2252 accedunt
595 2217 709 2252 Goth.
731 2218 828 2255 Jens.
841 2215 929 2261 (tac.
943 2218 1069 2261 Gesn.)
1089 2231 1175 2252 cum
1193 2219 1276 2254 edd.
1293 2230 1375 2255 ante
1396 2219 1544 2268 Gryph-

238 2272 283 2306 cf.
307 2273 343 2313 6,
366 2282 402 2314 2,
426 2281 489 2317 52.
522 2273 650 2308 Turie.
665 2272 766 2308 Flor.
794 2273 949 2321 quidem.
975 2273 1107 2309 Ambr.
1129 2283 1166 2308 2.
1194 2287 1261 2322 ego
1293 2276 1436 2324 quidem
1456 2287 1544 2310 cum

237 2327 338 2366 Voss'.
373 2337 410 2371 5.

323 2415 389 2448 71.
435 2403 756 2452 confirmandique.
807 2403 933 2439 Guelf.
967 2405 1228 2453 conformandi.
1271 2409 1361 2442 Exc.
1393 2409 1543 2444 santen-

237 2460 571 2507 conformandique.
600 2460 729 2494 Turic.
760 2458 860 2494 Flor.
890 2460 1020 2508 Camp.
1056 2462 1240 2497 omittunt
1267 2472 1301 2496 et
1326 2461 1542 2496 admiratio-

235 2516 293 2547 nis
314 2527 400 2549 cum
427 2515 530 2554 Vols.
546 2524 582 2558 5.
615 2512 707 2561 cestu
733 2513 910 2561 miscenici
938 2516 1068 2551 turbae
1100 2517 1183 2551 sunt
1206 2515 1305 2552 Flor.
1326 2516 1387 2550 sed
1411 2515 1535 2552 Guelf.

235 2581 273 2615 g.
288 2569 413 2617 scenia
441 2581 478 2606 et
495 2578 714 2616 putaverunt
743 2568 924 2617 vitiosum.
947 2571 1079 2606 Locat.
1100 2572 1193 2609 Ven.
1216 2571 1322 2605 Rufe.
1346 2570 1541 2606 communi

292 2699 356 2733 70.
387 2701 451 2725 aut
472 2705 543 2726 non
565 2692 764 2731 concedere,
794 2698 857 2725 aut
916 2690 1126 2737 Virgiliaua
1155 2690 1245 2727 vide
1271 2691 1366 2727 Aen.
1386 2699 1423 2736 3,
1448 2691 1539 2730 620.

234 2758 260 2783 a
287 2745 402 2782 nobis.
434 2746 480 2783 cf.
512 2756 592 2783 not.
623 2746 706 2783 exit.
758 2746 861 2781 Loca
922 2759 956 2787 1,
976 2754 1067 2791 555.
