1676 3028
324 171 486 216 INST.
525 168 802 215 ORATOR.
837 168 957 212 LIB.
990 165 1186 222 X11‚‘2‚
1323 176 1418 220 521

90 295 163 347 eff
189 297 337 346 utilis
365 295 513 362 saepe
547 307 599 344 et
620 292 960 344 finitionibus
990 301 1043 340 et
1074 292 1422 356 comprehen-

71 365 354 431 sionibus,
406 386 458 422 et
488 371 810 439 separandis,
847 386 983 436 quae
1018 367 1138 418 sunt
1171 365 1423 417 differen-

15 480 34 487 --
85 452 188 510 tia,
225 461 278 499 'et
309 445 630 500 resolvenda*
651 449 990 514 ambiguitate
1020 445 1420 511 distinguendo,

86 527 407 586 dividendo,
469 526 769 583 illiciendo,
826 523 1177 591 implicando:
1257 525 1329 572 ita
1379 524 1422 572 si

11 664 15 668 ¹
85 615 259 654 totum
284 604 384 653 fibi
412 604 762 653 vindicaverit
789 604 846 651 in
874 601 994 651 foro
1027 611 1306 659 certarnen,
1327 601 1423 651 ob-

85 680 236 730 stabit
253 683 579 742 melioribus,
606 691 657 729 et
672 678 824 729 sectas
850 679 915 728 ad.
940 682 1253 729 tenuitatem
1272 677 1422 728 suam

88 759 230 808 vires
254 758 361 825 ipsa
390 757 673 808 subtilitate
703 755 986 807 consumet.
1064 760 1247 821 Itaque
1275 773 1425 822 repe-

87 836 193 885 rias
241 834 500 900 quosdam
537 837 594 884 in
635 834 959 900 disputando
998 835 1134 883 mire
1180 833 1426 893 callidos,

64 931 66 933 ’
89 929 211 960 cum
240 913 303 960 ab
327 914 417 960 illa
445 913 782 961 cavillatione
804 908 1144 970 discesserint,
1182 928 1297 960 non
1317 929 1427 960 ma-

49 987 62 991 *
88 990 166 1054 gis
202 984 444 1038 sufficere
479 990 538 1038 in
575 989 757 1052 aliquo
788 990 1032 1053 graviore
1065 1001 1212 1046 actu,
1264 1004 1428 1052 quam

85 1082 248 1132 parva
279 1065 551 1131 quaedam'
578 1065 849 1122 animalia,
908 1081 1044 1128 quae
1084 1067 1143 1114 in
1176 1065 1428 1130 angustiis

85 1142 331 1200 mobilia,
372 1159 555 1209 campo
590 1141 1080 1207 deprehenduntur.
1161 1147 1268 1198 Jam
1311 1143 1428 1209 qui-

87 1217 210 1268 dem
253 1236 370 1286 pars
405 1221 498 1269 illa
533 1218 769 1277 moralis,
824 1236 960 1285 quae
993 1220 1191 1271 dicitur
1225 1221 1433 1279 Eclzice,

92 1396 226 1432 luimus
257 1395 376 1432 Goth.
401 1394 489 1441 (tac.
521 1396 652 1439 Gesn.)
681 1409 712 1434 c.
742 1396 846 1434 Voff.
882 1405 920 1440 5.
953 1399 1017 1437 (an
1049 1396 1150 1441 2.?)
1179 1400 1352 1437 malimus
1375 1417 1438 1440 re-

92 1451 206 1501 liqui.
269 1461 307 1488 et
342 1449 393 1500 eft
432 1453 535 1488 utilis
570 1453 687 1490 Goth.
722 1454 810 1498 (tac.
843 1454 975 1502 Gesn.)
1032 1454 1267 1502 dissert-ntiae
1299 1460 1433 1498 Turio.

91 1508 196 1550 Flor.
239 1509 371 1557 Camp.
680 1510 819 1557 ambig.
863 1507 1012 1558 disting.
1075 1512 1138 1546 Sic
1165 1513 1298 1551 Turio.
1330 1516 1437 1554 mor.

92 1565 227 1602 Ambr.
259 1575 295 1602 2.
339 1564 468 1602 Guelf‚
508 1567 642 1614 Camp.
683 1565 802 1602 Goth.
832 1567 930 1604 Jens.
973 1566 1072 1611 (tac.
1107 1568 1246 1610 Gesn.)
1276 1584 1307 1606 c.
1347 1573 1435 1612 edd.

95 1632 179 1657 ante
215 1622 307 1658 Bad.
349 1635 431 1658 exc.
477 1623 584 1659 Ruso.
625 1632 662 1658 et
698 1623 870 1658 inserunt
907 1622 1065 1673 reliqui.
1126 1624 1326 1664 dividendo
1356 1643 1435 1668 om.

94 1678 226 1714 Turio.
256 1678 348 1727 (qui
378 1676 585 1727 difiigendo
611 1679 836 1722 inliciendo)
867 1678 972 1716 Flor.
1003 1680 1133 1716 Guelf.
1165 1695 1197 1718 c.
1232 1684 1333 1722 Alm.
1370 1687 1437 1731 olg-

87 1731 206 1782 fiavit
244 1735 378 1771 Turic-
419 1735 521 1770 flor.
560 1738 630 1779 (nt
667 1746 703 1770 et
742 1734 845 1771 Flor.
887 1738 921 1782 §.
953 1745 1020 1779 51.
1055 1737 1243 1782 debevic).
1292 1739 1439 1791 sectans

20 1804 31 1812 Χ
96 1791 228 1838 Camp.
289 1789 478 1840 consumat
505 1791 638 1826 Turio.
669 1790 773 1828 Flor.
807 1793 940 1840 Camp.

189 1897 251 1935 14.
298 1892 488 1943 Quosdam
518 1891 838 1941 reperies'Floril.
872 1895 974 1929 sant.
1004 1894 1196 1944 integram
1228 1908 1265 1933 et
1294 1898 1438 1936 direm-

98 1959 174 1984 tam
205 1948 428 1984 sententiam
462 1949 645 1984 efficiens.
686 1950 723 1984 in
754 1949 1010 1997 disputatione
1048 1962 1085 1987 et
1113 1965 1211 1988 mox
1241 1968 1320 1990 cum
1349 1971 1436 1994 vero

98 2005 144 2039 ab
173 2007 196 2040 i.
229 2005 347 2040 idem.
379 2018 406 2039 c.
436 2005 483 2041 ab
515 2005 581 2040 illa
609 2018 694 2041 vero
728 2005 846 2041 Goth.
874 2019 905 2042 c.
938 2006 1036 2041 Alm.
1071 2009 1174 2045 Voff.
1207 2023 1242 2044 ι.
1270 2021 1306 2047 2.
1337 2014 1439 2052 Jens.

100 2073 137 2098 et
167 2061 253 2096 edd.
287 2061 381 2110 post·
423 2072 507 2096 ante
535 2063 657 2098 Stoer.
698 2060 892 2110 sufficiunt
922 2061 1057 2100 Floril.
1097 2067 1199 2101 Sant.
1239 2067 1439 2119 discefferit

99 2117 233 2153 Turio.
281 2131 399 2165 prava
435 2119 566 2165 Cnmp.
597 2115 760 2166 angustis
786 2119 918 2154 Turie-
963 2121 1000 2154 in
1027 2135 1158 2170 campo
1189 2123 1309 2162 Goth.
1339 2127 1438 2165 Jens.

101 2178 191 2220 (tac.
223 2174 353 2218 Geta.)
383 2187 471 2210 cum
500 2173 584 2210 edd.
606 2174 701 2223 post.
731 2185 816 2210 ante
845 2174 959 2212 Bam.

192 2272 254 2308 ¹5·
305 2265 451 2312 quidem
480 2276 564 2299 om.
599 2264 718 2301 Goth.
758 2264 857 2310 (tac.
891 2266 1032 2312 Gesn.)
1091 2277 1128 2304 et
1163 2269 1252 2305 haec
1282 2281 1319 2307 et
1347 2283 1444 2309 certe

104 2319 231 2358 Guelf.
291 2329 327 2356 ει
366 2321 422 2356 hic
458 2330 552 2355 certe
589 2320 695 2357 Flor.
754 2330 790 2358 et
818 2323 876 2358 hic
905 2336 924 2357 e
955 2333 1051 2360 certe
1080 2326 1216 2362 Ambr.
1247 2336 1284 2364 2.
1347 2339 1444 2366 certe

103 2479 193 2529 usui
226 2479 320 2517 huio
349 2478 593 2515 insolentiori
624 2478 747 2529 sectas
801 2482 1037 2519 remittendo
1057 2483 1242 2521 lectorem
1260 2485 1305 2521 ad
1327 2495 1364 2528 2,
1381 2495 1444 2533 15,

103 2538 198 2574 vires
219 2536 395 2572 dicendi:
430 2536 519 2572 vide
548 2546 585 2572 et
610 2543 647 2580 5,
681 2549 744 2578 ιο,
807 2552 841 2574 ι.
865 2552 925 2574 ιι.
951 2540 1043 2575 vide
1064 2554 1136 2578 nos
1156 2541 1203 2577 ad
1231 2555 1293 2584 ιι,
1317 2556 1354 2585 ι,
1373 2553 1441 2588 5ι.

110 2604 174 2641 9⁰-
203 2601 242 2643 5,
270 2607 335 2634 ιι,
359 2602 425 2636 30.
864 2601 926 2639 14.
968 2609 1079 2645 quam
1105 2612 1221 2645 parva
1241 2619 1295 2627 —
1317 2600 1446 2648 ‹lepre-

165 2648 548 2698 comprelzenfionibus.
629 2652 746 2686 Recte
802 2652 1021 2688 henduntur.
1063 2655 1220 2691 Licebit
1240 2667 1277 2692 et
1297 2656 1363 2692 hic
1387 2657 1446 2692 di-

112 2705 272 2756 Capper.
302 2706 400 2742 hanc
422 2719 561 2743 vocem
582 2706 748 2744 illusum:
803 2709 931 2758 gitum
960 2709 1160 2748 intendere
1190 2712 1238 2748 ad
1272 2714 1447 2750 consum·
