1676 3028
310 267 402 326 146
611 270 685 341 M.
730 270 861 315 FAB.
912 265 1321 332 QUINTILIANI

308 393 538 458 placent,
578 410 642 441 an
674 393 868 457 quibus
908 393 1058 441 nihil.
1138 393 1341 443 Accidit
1369 396 1510 444 enim
1545 395 1627 444 in-

307 467 525 532 geniosis
557 467 962 517 adolescentibus
995 467 1320 532 frequenter,
1357 481 1417 519 ut
1449 471 1627 519 labore

309 542 701 599 consumantur,
754 553 804 590 et
840 545 896 591 in
931 543 1192 591 filentium
1228 561 1392 608 usque
1422 543 1629 594 descen-

309 616 434 666 dant
464 619 626 666 nimia
648 619 795 667 bene
814 618 1022 666 dicendi
1053 617 1346 682 cupiditate.
1424 624 1538 687 Qua
1563 620 1628 667 de

310 709 367 742 re
404 690 622 741 memini
668 691 884 741 narrasse
931 694 1064 740 mihi
1098 694 1294 746 julium
1331 694 1630 743 Secundum

310 769 481 825 illum,
507 769 772 831 aequalem
794 785 987 825 meum,
1017 779 1170 831 atque
1193 785 1220 815 a
1239 785 1339 827 me,
1361 779 1420 817 ut
1442 779 1630 817 notum

312 842 409 899 est,
470 841 792 890 familiariter
831 852 1078 900 amatum,
1135 845 1295 899 mirae
1357 842 1632 892 facundiae
1665 892 1667 895 .

312 919 507 975 virum,
548 916 779 966 infinitae
807 928 979 966 tamen
1013 935 1189 975 curae,
1227 918 1358 982 quid
1389 916 1517 979 esset,
1539 917 1634 967 fibi

248 1005 296 1040 15
317 1010 344 1041 a
363 1004 550 1059 patruo
576 993 671 1043 suo
691 993 903 1043 dictum.
968 997 1014 1042 Is
1032 992 1135 1043 fuit
1156 998 1179 1047 J
1185 995 1323 1043 ulius
1349 995 1550 1051 Florus,
1575 995 1635 1042 in

403 1143 468 1170 12.
514 1136 609 1170 enim
643 1133 848 1183 ingeniosis.
901 1135 962 1170 Sic
995 1135 1118 1171 Guelf.
1149 1135 1234 1170 c'um
1265 1135 1397 1175 Bam..
1445 1136 1506 1171 sed
1533 1134 1638 1170 Flor-

317 1192 426 1225 etiarn
451 1192 474 1228 i.
505 1203 593 1225 cum
614 1189 731 1224 Go'th.
751 1191 847 1228 Jens.
878 1201 914 1225 et
938 1191 1022 1225 edd.
1042 1191 1196 1238 posterr.
1229 1201 1312 1226 ante
1332 1189 1418 1226 Ald.
1447 1201 1520 1226 acc„
1545 1190 1636 1225 Bad.

316 1245 475 1292 Reliqui
503 1247 598 1280 enim
626 1247 736 1280 eciam
766 1247 788 1280 ι’.
817 1246 952 1281 Nostra
984 1247 1084 1281 ratio
1116 1245 1250 1293 placet,
1283 1258 1496 1294 quanquam
1528 1255 1636 1280 vetu-

317 1300 478 1336 stiffimis
505 1300 616 1335 libris
648 1299 866 1336 auctoribus
894 1313 973 1337 non
1004 1300 1132 1341 factis}
1164 1299 1318 1347 vulgata
1349 1300 1414 1335 vel
1448 1301 1497 1336 ob
1519 1299 1638 1334 insua-

316 1367 405 1390 vem
433 1355 745 1403 compositionem
777 1354 950 1391 alienior.
1010 1358 1069 1391 Ex
1108 1355 1206 1390 male
1236 1366 1342 1404 capta
1371 1354 1635 1406 emendatione

319 1421 400 1446 orta
418 1412 572 1446 videtur
591 1411 800 1457 geminatio
821 1413 1150 1456 conjunctionum.
1185 1411 1231 1445 cf.
1259 1411 1294 1448 6,
1324 1419 1360 1454 5,
1391 1423 1427 1458 9.
1475 1422 1481 1430 “

396 1466 535 1500 Julium
582 1466 781 1499 Secundum
808 1483 864 1492 -—
887 1465 1129 1512 familiariter
1175 1474 1347 1500 amatum.
1394 1464 1523 1500 Turic.
1577 1461 1635 1500 nil

318 1521 390 1556 nisi
414 1523 550 1556 viroter
569 1528 739 1559 amatum,
762 1533 780 1554 a
803 1521 867 1555 sec.
890 1534 940 1556 m.
961 1522 1113 1556 viriliter
1132 1529 1320 1555 armatum.
1343 1519 1443 1555 Flor.
1466 1533 1486 1554 a
1507 1533 1564 1568 pr.
1582 1532 1634 1555 m.

319 1586 355 1612 et
375 1574 450 1623 ipse
473 1574 618 1610 omittit
646 1575 774 1609 onmia
796 1575 907 1616 haec,
939 1589 1023 1611 cum
1046 1575 1145 1610 Alm.
1374 1577 1486 1609 mirae
1502 1574 1636 1621 facun-

317 1631 400 1665 diae
429 1633 556 1669 virum.
607 1630 737 1677 Turic:
782 1633 875 1666 mira
899 1630 1098 1677 secundine
1121 1629 1267 1677 ferum,
1316 1644 1335 1665 a
1363 1631 1429 1665 sec-
1460 1643 1511 1666 ω.
1546 1631 1637 1664 mira

310 1684 489 1732 facundia
506 1687 632 1720 virum.
662 1685 765 1720 Flor.
787 1686 863 1720 duo
883 1687 1065 1733 postrema
1086 1685 1242 1725 itidem,
1272 1699 1292 1720 a
1312 1699 1368 1734 pr.
1392 1698 1444 1720 m.

399 1741 486 1788 quid
507 1738 604 1789 affec.
634 1739 751 1778 Goth.
783 1742 880 1790 quod
901 1755 930 1776 e.
961 1741 1096 1776 Placet.
1323 1749 1469 1789 patruo.
1502 1740 1633 1776 Turic-

277 1885 281 1893 .
315 1863 446 1896 Burm.
498 1863 635 1897 Poetae
695 1863 850 1910 quidem
907 1863 948 1897 in
1007 1860 1273 1909 exemplorum
1298 1862 1340 1897 in
1367 1874 1409 1896 ea
1429 1859 1552 1908 qualis
1573 1859 1639 1895 hie

315 1916 420 1952 hisce
439 1917 623 1952 recedunt
655 1931 674 1951 a
695 1916 847 1966 reliquo
868 1918 948 1958 usu,
1007 1916 1297 1952 constructione.

313 1971 422 2007 velut
450 1973 584 2007 Horat.
617 1973 748 2022 Epistt.
780 1987 814 2013 1,
849 1985 883 2019 9,
914 1973 949 2008 6.
1065 1981 1125 2014 15.
1158 1973 1191 2006 Is
1225 1971 1304 2018 suit
1342 1972 1461 2008 Julius
1499 1971 1638 2007 Florus.

312 2026 374 2062 Ad
394 2027 463 2063 Pis.
486 2036 579 2070 521.
1007 2027 1203 2074 „Raphazl
1222 2028 1291 2074 qui
1310 2028 1343 2062 se
1365 2027 1537 2070 codicem
1547 2025 1639 2062 -val-

371 2084 517 2116 memini
535 2082 708 2131 nan-affe.
736 2082 828 2124 „Ob
851 2083 953 2117 hunc
1008 2081 1172 2121 „lensem
1230 2081 1365 2118 vidisse
1413 2079 1641 2116 diffimulatx

312 2137 469 2178 „locum
508 2149 598 2171 reor
631 2137 780 2175 Vallam
822 2138 948 2172 ridere
1004 2150 1078 2176 „ex
1108 2149 1152 2171 eo
1185 2137 1412 2186 transcripsit
1439 2135 1546 2171 nulla
1565 2134 1638 2182 syl·

311 2205 404 2233 „eos
438 2191 504 2239 qui
530 2195 676 2241 memini
716 2206 801 2228 cum
841 2206 948 2240 prae·
1005 2191 1116 2232 „laba
1161 2198 1328 2228 mutata“
1381 2190 1458 2227 scil.
1506 2200 1637 2226 notam

313 2247 436 2287 „senti
482 2247 601 2282 modo
653 2249 947 2290 construendum
1003 2247 1117 2280 suam.
1148 2248 1300 2282 Badius.
1331 2249 1434 2294 Quae
1461 2247 1502 2281 in
1535 2257 1638 2281 com-

311 2311 496 2349 ,‚putant:
552 2314 639 2337 cum
696 2315 773 2351 quo
823 2313 948 2337 tamen
1004 2303 1190 2338 memmio
1221 2303 1390 2350 Regiano
1423 2300 1490 2336 hic
1532 2312 1635 2335 com·

311 2358 477 2395 „Cicero
512 2357 588 2392 fere
617 2357 846 2393 construxit:
911 2367 948 2391 et
1002 2367 1110 2404 paret
1141 2368 1251 2398 nota,
1299 2356 1447 2395 Julium
1477 2354 1636 2390 Florum

307 2413 448 2450 „Maro
491 2424 570 2447 non
607 2417 734 2448 raro.“
790 2412 944 2447 Badius.
1002 2411 1093 2446 facit
1122 2426 1167 2447 ex
1201 2411 1412 2457 majoribus
1438 2409 1545 2445 Flori
1574 2409 1634 2444 hi·

307 2467 368 2500 An
400 2467 499 2502 forte
529 2466 601 2502 tale
634 2467 729 2515 quid
751 2468 791 2502 in
813 2467 944 2502 codice
1001 2466 1130 2501 storici
1155 2467 1334 2516 aliquem,
1364 2464 1477 2506 nulli,
1507 2474 1551 2500 ut
1570 2464 1635 2504 ait,

305 2521 388 2567 ipso
418 2521 568 2556 allitum
595 2536 613 2557 a
634 2522 764 2559 vallae
793 2520 942 2557 manu?
999 2521 1252 2568 posteriorum
1288 2519 1452 2556 secundi.
1510 2519 1635 2554 Puiffe

304 2574 443 2622 Neque
487 2577 591 2612 enim
637 2577 678 2611 in
711 2577 845 2625 Elegg.
884 2577 943 2610 in·
1000 2586 1126 2611 autem
1145 2577 1248 2612 hunc
1270 2575 1494 2611 historicum
1512 2573 1633 2620 Quin·

273 2627 277 2630 ’
303 2629 433 2665 venio.
516 2632 590 2681 8951
633 2632 716 2666 tum
757 2645 836 2667 non
864 2641 943 2666 erat
998 2630 1124 2665 tiliani
1153 2630 1398 2680 discipulum,
1429 2640 1472 2664 ut
1502 2641 1547 2663 ex
1574 2629 1634 2674 ip-

301 2684 444 2719 Badius
475 2685 647 2722 dicturus
676 2691 832 2726 ,‚rcor.“
891 2687 941 2720 Et
996 2684 1072 2719 sius
1099 2685 1315 2734 eloquentia
1354 2683 1510 2732 liqueat.
1573 2682 1636 2717 Sic

300 2738 382 2772 sane
423 2751 503 2775 non
543 2739 641 2775 deest
683 2741 786 2776 bona
829 2741 940 2788 copia
998 2740 1099 2776 enim
1171 2742 1366 2789 conjungo
1435 2737 1631 2775 sententias
