1676 3028
313 197 500 250 '1N8T.
537 201 816 250 ORATOR.
851 201 973 247 LIB.
1009 200 1106 256 XI,
1147 212 1193 256 5.
1333 199 1429 256 361
1473 160 1481 176 x

89 329 262 399 gunda
281 330 579 379 intentione
603 325 879 384 excitandi,
913 342 1036 375 cum
1055 323 1435 376 summittenda

87 407 213 459 sunt
243 405 587 472 temperandi.
646 405 801 469 Nan&
822 404 998 469 prima.
1025 401 1097 452 est
1132 401 1432 454 observatio
1455 417 1510 461 45

89 495 230 536 recte
252 481 665 552 pronunciandi,
695 480 1003 546 aequalitas,
1030 480 1098 532 nJe
1115 478 1286 531 sermo
1313 479 1434 531 sub-'

89 561 250 612 sultet
269 558 564 627 imparibus
583 558 757 625 spatiis
783 575 840 606 ac
859 556 1016 616 sonis,
1031 556 1254 608 miscens
1276 558 1437 625 longa

91 639 374 696 brevibus,
413 638 594 703 gravia
630 636 820 693 acutis,
860 635 991 683 elata
1031 633 1342 695 summiffis,
1384 645 1439 684 et

91 715 478 780 inaequalitate„
502 714 703 766 horum
733 713 1012 773 omnium,¹
1050 711 1186 763 ficut
1216 712 1438 780 pedum,

95 792 368 841 claudicet.
466 789 707 840 Secunda
748 792 1021 855 varietas,
1076 788 1224 856 quod.
1262 788 1439 840 solum

95 868 169 918 est
199 869 592 936 pronunciatio.
673 868 749 927 Ac
784 883 853 915 ne
884 868 1005 931 quis
1024 883 1275 936 pugnare
1300 868 1440 930 inter
1465 885 1518 930 44

95 1034 238 1070 tatione
263 1042 301 1070 ὀ.
326 1039 412 1070 tu'm.
437 1032 570 1071 Ambr.
594 1043 631 1070 2.
664 1034 777 1082 igitur
795 1047 830 1069 a.
846 1031 882 1081 s.
906 1033 941 1067 Ῑι.
964 1041 1039 1068 tum
1059 1048 1093 1070 a.
1120 1036 1143 1071 ι’.
1165 1049 1196 1070 e.
1220 1042 1308 1072 tum.
1331 1045 1369 1072 et
1387 1035 1464 1073 fio,

95 1089 208 1140 plane
234 1089 359 1127 Guelf.
383 1091 484 1137 (nisi
512 1091 620 1138 q'uo‘d
648 1104 755 1139 ergo,
795 1099 832 1125 et
855 1089 894 1124 ln·
913 1103 1068 1139 quoque,
1093 1103 1265 1140 quorum
1289 1102 1440 1127 utrum-

97 1143 173 1203 g'ue
206 1159 242 1184 et
265 1148 386 1184 Goth.
418 1158 487 1184 tac.
520 1148 661 1191 Gesn.)
718 1149 779 1183 Ex
801 1146 902 1183 Alm.
931 1145 1035 1182 nihil
1057 1147 1216 1184 affertur
1240 1149 1313 1184 nisi
1332 1150 1441 1184 inter-

94 1206 318 1252 pretatione·
341 1206 473 1252 Camp.
498 1218 527 1240 e.
549 1219 583 1240 ιι.
598 1200 632 1253 s.
660 1205 689 1239 ίί
707 1218 850 1254 quoque
872 1217 900 1238 c.
921 1217 956 1238 a.
981 1204 1136 1240 intentio
1157 1202 1208 1253 efi
1232 1219 1261 1240 e.
1288 1219 1316 1240 c.
1350 1217 1443 1240 cum

94 1257 198 1297 Vall.
222 1270 260 1296 et
288 1261 373 1296 edd.
400 1270 486 1296 ante
509 1259 596 1297 Ald.
640 1263 678 1297 Is
714 1260 815 1296 enim
838 1261 935 1308 iique
959 1272 1048 1295 cum
1075 1261 1190 1302 Bad.;
1222 1262 1331 1312 hique
1351 1261 1442 1297 dare

97 1318 301 1351 'ztan-antur
335 1315 438 1352 Alm.
467 1316 571 1353 Voff.
598 1329 630 1352 1.
653 1326 688 1362 5.
721 1316 782 1352 sed
814 1318 841 1351 ii
870 1329 1011 1364 quoque
1041 1316 1147 1354 Voss‘.
1171 1328 1205 1352 2.
1238 1319 1443 1353 intentione

97 1366 306 1407 'nobiscum
335 1373 438 1411 Voss'.
461 1380 499 1416 3.
534 1371 696 1422 Reliqui
721 1374 836 1420 igitur
857 1371 959 1418 (hoc
983 1371 1066 1407 edd.
1093 1372 1175 1421 post
1201 1375 1333 1422 Camp.
1359 1386 1443 1411 exc.

97 1425 186 1463 ΔΜ.
200 1427 246 1464 cf.
259 1435 296 1471 5,
323 1430 501 1473 1o,'54.)
523 1428 603 1478 u.s.
627 1430 661 1464 Ῐι.
687 1444 715 1466 c.
739 1444 775 1465 a.
799 1429 955 1464 intentio
977 1425 1028 1476 ⁶st
1049 1441 1079 1462 ε.
1109 1443 1137 1465 c.
1172 1430 1350 1479 Suspicor
1361 1430 1442 1478 pri·

91 1481 216 1519 'mit'us
247 1483 358 1519 fui-Ire
380 1483 486 1533 sonis
514 1482 564 1532 est
594 1486 724 1535 hique,
756 1498 835 1534 quo
857 1483 988 1519 minus
1013 1482 1139 1533 placet
1167 1486 1334 1522 verbum
1359 1487 1446 1523 sub-

87 1535 302 1578 2ssantivum
339 1553 486 1589 ponere
523 1554 595 1589 pro
626 1541 796 1577 ablativo
835 1541 1049 1576 intentione.
1104 1542 1156 1578 Et
1186 1541 1252 1578 hic
1280 1554 1318 1578 et
1347 1549 1446 1580 mot

87 1591 286 1646 summffs·
323 1606 360 1631 et
398 1610 468 1646 per
499 1597 697 1647 duplicem
729 1599 796 1640 M,
838 1610 928 1646 prae
966 1609 1045 1645 quo
1079 1597 1267 1635 Gesnerus
1303 1599 1446 1636 maluit

89 1649 209 1704 subm.
254 1653 365 1697 (Nec
392 1655 435 1690 in
463 1654 660 1703 posterum
684 1653 980 1691 auctoritatibus
1003 1653 1254 1692 defendemus
1275 1653 1445 1692 nostram'

96 1707 311 1751 rationem,
355 1723 524 1759 quacum
549 1711 684 1760 Tul-iq.
705 1710 810 1746 Flor.
833 1711 1000 1757 semper,
1028 1710 1072 1746 ni
1101 1711 1239 1754 sallon
1269 1712 1445 1763 reliquo-

97 1773 187 1798 rum
216 1765 357 1814 optimi
385 1765 618 1819 plerumque
642 1766 881 1815 conspirant;
914 1765 962 1799 cf.
993 1777 1030 1802 et
1052 1764 1283 1814 summoveri
1307 1782 1369 1811 ιι,
1407 1785 1444 1811 1.

100 1816 167 1863 85.
204 1831 266 1861 12,
288 1830 324 1862 2,
355 1824 437 1870 15.)
465 1822 600 1858 Ambr.
623 1834 658 1859 2.
691 1822 928 1871 postremum
942 1818 1191 1872 summfflffet,
1220 1825 1354 1861 Turio.
1378 1839 1444 1862 au-

99 1884 192 1918 tem,
216 1876 320 1914 Flor.
351 1877 479 1913 Guelf.
503 1879 690 1914 omittunt
714 1888 749 1912 et
766 1877 849 1926 post
874 1878 1126 1927 participium
1149 1881 1240 1928 (pro
1263 1892 1341 1928 quo
1361 1875 1446 1930 ipsd

92 1928 247 1980 summis
268 1933 404 1980 Pion).
429 1935 708 1983 inaequalitatis
728 1946 823 1970 mox
845 1935 977 1982 Camp.
1036 1934 1121 1970 Post
1142 1936 1322 1972 claudicet
1341 1938 1445 1976 Jens.

100 1988 234 2025 inserit
251 1990 393 2026 iterum
408 1989 532 2038 sermo
564 2004 651 2027 cum
673 1991 758 2027 edd.
781 1990 940 2040 posterr.
964 2001 1050 2027 ante
1074 1993 1198 2029 Stoer.
1220 1993 1343 2034 male,
1374 2005 1447 2030 neo

101 2044 187 2082 ullo
212 2046 412 2083 addicente
435 2048 517 2083 MS.
563 2047 687 2083 Iidem
711 2047 780 2096 qui
800 2047 866 2082 hic
889 2057 926 2082 et
946 2059 1043 2084 mox
1062 2050 1096 2096 ὖ.
1125 2056 1190 2093 45.
1204 2048 1408 2100 summsso.

183 2140 252 2183 45.
282 2137 449 2172 Secunda
480 2139 652 2173 varietas.
691 2137 826 2173 Turic.
869 2135 975 2173 Flor.
1009 2138 1143 2174 Ambr.
1167 2147 1204 2175 2.
1239 2139 1367 2176 Guelf.
1386 2139 1446 2190 se-

103 2193 222 2228 eundo
243 2194 439 2229 varietatis
456 2205 544 2228 cum
564 2193 666 2229 Alm.
817 2201 835 2206 ·“
947 2194 1048 2244 quod
1057 2193 1193 2244 solum.
1226 2197 1287 2231 Sic
1310 2197 1447 2233 Turic.

104 2247 209 2284 Flor.
236 2249 371 2284 Ambr.
401 2258 437 2284 2.
475 2249 603 2286 Guelf.
634 2263 720 2285 cum
750 2251 848 2289 Jens.
879 2261 917 2286 et
943 2249 1099 2299 postelrr.
1131 2263 1216 2288 ante
1246 2252 1334 2287 Ald.
1368 2265 1445 2291 acc.

102 2305 215 2341 Leid.
237 2304 385 2342 Rollin.
418 2307 492 2341 Sed
512 2305 631 2342 Goth.
647 2308 746 2355 quod
758 2306 854 2356 sola.
887 2308 1019 2356 Camp.
1046 2307 1248 2356 quaesola.
1284 2309 1448 2359 Reliqui

104 2374 199 2410 quae
216 2360 352 2411 solum.
401 2363 527 2399 Modo
555 2362 639 2412 post
665 2365 827 2400 varietas
853 2376 1008 2400 mecum
1032 2360 1083 2412 est
1103 2364 1293 2402 omittunt
1312 2366 1446 2402 Turio.

156 2515 226 2558 45.
254 2512 357 2561 quod
369 2509 495 2562 solum
516 2508 566 2561 est
585 2523 744 2561 pronun-
804 2525 900 2561 quae
931 2511 1092 2561 quidem
1114 2522 1306 2550 mereatur
1327 2512 1448 2562 hujus

103 2567 229 2608 ciatio.
290 2570 385 2605 Non
418 2580 494 2605 tam
531 2570 746 2605 varietatem
803 2569 977 2604 nominis
996 2569 1212 2612 honorem,
1241 2571 1449 2616 fivarioeun

85 2621 222 2670 ‚ipsam
261 2624 379 2661 solam
410 2626 506 2662 dicit
544 2626 616 2661 ess'e
654 2637 746 2673 pro·
804 2624 884 2661 illa.
947 2626 1071 2671 Quare
1097 2626 1449 2667 maluitjxxeutrum

103 2680 417 2722 nunciationem,
469 2681 531 2717 sed
565 2692 647 2717 tum
683 2682 746 2717 de·
805 2694 926 2730 genus
943 2681 1008 2733 hic
1019 2695 1110 2731 prae
1123 2682 1325 2720 feminino.
1348 2683 1395 2719 cf.
1411 2695 1448 2732 9,

103 2747 214 2771 mum
266 2739 337 2775 ess'e
385 2739 745 2788 pronunciationem,
807 2744 844 2782 4,
887 2747 953 2783 55.
982 2738 1079 2775 item
1106 2738 1174 2776 hic
1202 2743 1237 2790 §.
1263 2746 1328 2784 55.
1390 2741 1448 2776 Ita
