1676 3028
420 229 587 277 INST.
623 228 901 275 ORATOR.
933 227 1055 272 LIB.
1089 227 1176 283 XI,
1214 229 1262 282 3.
1410 234 1510 286 459

123 395 126 397 Α
171 356 332 422 longe
359 352 626 422 proferre,
666 361 874 420 partem·
902 363 1052 419 togae
1083 351 1285 402 sinistra
1316 335 1512 410 ten'ere,

171 432 302 482 stare
338 433 644 488 diductum,
689 433 776 481 vel
812 430 1072 496 rigidum,
1120 431 1207 479 vel
1242 428 1511 495 supinum,
1544 484 1548 487 .

168 511 257 558 vel
283 512 591 566 incurvum,
630 510 718 557 vel
751 509 1015 566 humeris,
1060 517 1119 558 ut
1144 507 1399 556 luctaturi
1426 505 1510 555 so-

170 587 310 646 lent,
361 587 427 636 ad
470 587 778 652 occipitium
822 585 1011 635 ductis.
1091 584 1375 648 Prooemio
1405 582 1587 632 fre-161

172 663 498 730 quentiffime
523 664 659 712 lenis
683 665 934 712 convenit
953 663 1344 728 pronunciatio.
1409 662 1512 710 Ni-

171 742 252 792 hil
289 743 433 790 enim
471 739 543 789 est
582 740 648 788 ad.
687 739 1086 790 conciliandum
1121 741 1320 806 gratius
1362 755 1515 787 vere-

172 818 392 869 cundia:
467 834 579 867 non
622 828 798 866 tamen
834 816 1071 883 semper..
1128 817 1324 882 Neque
1367 817 1515 866 enim

171 912 286 946 uno
319 894 485 944 modo
513 893 770 944 dicuutur
789 894 1026 952 exordia,
1061 904 1123 943 ut
1143 893 1320 944 docui.
1399 894 1517 943 Ple-

169 988 401 1035 rumque
439 982 614 1020 tamen
656 982 708 1019 et
745 989 854 1021 vox
885 983 1198 1037 temperata,
1247 981 1299 1020 et
1339 969 1514 1036 gest‘us

165 1048 462 1105 modestus,
501 1058 553 1096 et
584 1046 769 1098 sedens
798 1048 1027 1097 humero
1052 1059 1187 1112 toga,
1211 1058 1263 1096 et
1285 1038 1514 1096 laterum

167 1127 302 1175 lenis
328 1127 386 1175 in
412 1135 694 1190 utramque
718 1135 924 1192 partem
944 1135 1122 1189 motus
1137 1162 1151 1182 ‚
1189 1124 1378 1175 eodem
1399 1123 1515 1190 spe-

170 1203 429 1253 ctantibus
454 1203 641 1260 oculis,
664 1202 882 1250 decebit.
924 1203 1174 1252 Narratio
1202 1203 1366 1268 magis
1389 1212 1591 1267 pro-262

170 1280 328 1328 latam
349 1296 597 1336 manum,
636 1280 886 1328 amictum
917 1277 1269 1336 recidentem,
1307 1278 1513 1345 gestum

128 1373 132 1376 ⁴
173 1354 496 1413 distinctum,
520 1371 708 1404 vocem
729 1353 960 1404 sermoni
981 1357 1296 1421 proximam,
1327 1366 1378 1404 et
1399 1366 1513 1404 tan-

85 1443 290 1496 2036tum
326 1434 607 1491 acriorem,
644 1431 837 1483 sonum
867 1431 1162 1500 [implicem
1197 1431 1516 1501 frequentis-

262 1621 352 1659 161.
400 1626 498 1660 em'm
533 1620 595 1672 efi.
638 1623 702 1659 Sic
741 1622 875 1659 Turic.
915 1621 1044 1659 Guelf.
1084 1623 1204 1661 Goth.
1244 1619 1343 1677 (tac.
1376 1625 1521 1673 Gesn.)

174 1680 306 1726 Camp.
329 1679 498 1728 Reliqui
526 1677 575 1728 est
606 1682 715 1716 enim.
772 1682 872 1715 Mox
903 1681 1034 1729 Neque
1068 1681 1278 1717 nobiscum
1316 1693 1390 1730 pro
1421 1682 1518 1718 alio·

173 1748 260 1772 rum
301 1735 378 1771 Nec
414 1737 547 1772 Turio.
589 1735 692 1772 Flor.
732 1736 867 1771 Ambr.
895 1747 932 1772 2.
964 1737 1093 1773 Guelf.
1123 1739 1257 1787 Camp.
1287 1739 1335 1774 cf.
1367 1746 1416 1782 5,
1453 1752 1520 1780 ιο,

181 1800 273 1828 120.
297 1792 393 1826 enim
421 1793 652 1827 medicantur
679 1793 810 1827 anic.
842 1791 947 1827 Flor.
976 1796 1127 1829 omnino
1159 1796 1198 1829 in
1227 1807 1299 1829 uno
1330 1796 1441 1830 modo
1462 1796 1519 1830 cli-

177 1856 306 1883 cuntur
343 1846 471 1883 Guelf.
502 1857 540 1883 et
576 1860 690 1895 genus
726 1845 924 1890 modestius
954 1849 1087 1885 Turio.
1119 1849 1223 1886 Flor.
1265 1850 1357 1894 (hic
1391 1862 1520 1887 tamen

178 1903 329 1940 tertiam
359 1917 498 1939 vocem
530 1917 619 1940 cum
649 1903 836 1953 vulgata).
869 1913 905 1940 et
932 1919 971 1953 g.
1002 1919 1050 1942 m.
1083 1906 1212 1943 Guelf.
1244 1908 1377 1956 Camp.
1414 1907 1521 1943 Reli-

178 1961 249 2010 qui
278 1974 321 1995 ac
348 1973 386 2008 g.
415 1974 463 1995 m.
498 1962 605 2010 quod
634 1962 766 1997 minus
796 1971 943 2011 aptum.

267 2038 359 2074 162.
391 2037 597 2087 distinctum
628 2039 815 2076 omittunt
840 2040 975 2077 Ambr.
1009 2051 1046 2077 2.
1077 2040 1207 2078 Guelf.
1235 2054 1325 2077 cum
1355 2041 1459 2080 Voss'.
1483 2057 1527 2081 1..

179 2103 217 2139 5.
246 2098 328 2131 voci
359 2096 492 2132 Tui-ic.
523 2095 627 2131 Flor.
835 2106 871 2133 et:
900 2106 1045 2134 tantum
1075 2100 1263 2134 acriorem.
1293 2099 1357 2135 Sic
1387 2099 1522 2136 Turio.
1563 2138 1571 2142 ,

178 2151 284 2188 Flor.
315 2151 450 2188 Ambr.
483 2163 518 2187 2.
551 2153 679 2189 Guelf.
710 2166 798 2190 cum
827 2153 940 2190 Bodl.
963 2154 1064 2190 Alm.
1084 2156 1219 2191 Ioann.
1238 2155 1342 2193 Voss'.
1373 2168 1406 2191 ι.
1430 2156 1524 2200 <nisi

180 2208 288 2257 quod
326 2223 369 2244 ac
407 2208 552 2244 dieitur
592 2209 662 2245 effe
692 2210 792 2256 ibi).
833 2226 876 2246 ac
906 2219 1028 2246 tamen
1060 2214 1237 2248 acriorem
1269 2212 1401 2262 Camp.
1432 2226 1525 2249 cum

179 2265 300 2302 Andr.
330 2265 552 2313 Nobiscum
581 2266 672 2302 facit
703 2266 800 2304 Obr.
830 2268 892 2303 sed
922 2268 1059 2304 omiss'o
1090 2276 1137 2305 ot.
1167 2267 1274 2307 Voff.
1307 2278 1345 2314 5.
1377 2280 1524 2306 cantum

242 2421 334 2458 161.
372 2431 414 2458 ut
442 2423 561 2460 docui.
595 2430 638 2470 4,
684 2438 727 2467 1,
767 2432 820 2475 4ο
882 2433 948 2472 55.
968 2431 1036 2473 47.
1062 2426 1111 2462 cf.
1134 2434 1171 2470 4,
1193 2437 1230 2468 2,
1254 2417 1320 2469 36⁴.
1351 2426 1423 2463 ubi
1450 2427 1528 2477 ipsa.

178 2479 280 2527 seqq.
333 2479 451 2527 Quod
472 2481 684 2532 plerumque
704 2484 823 2519 lenem
882 2495 1041 2533 quoque
1082 2483 1359 2532 pronunciatio
1399 2482 1528 2532 distin-

181 2538 375 2571 convenire
393 2537 459 2577 ait,
476 2537 623 2574 ibidem
646 2529 739 2584 eff§.
754 2547 820 2584 55.
881 2539 1029 2589 guendo
1050 2539 1230 2576 adhiberi
1250 2539 1421 2587 jubetur.
1456 2542 1526 2577 Ca-

181 2591 244 2642 {ed
264 2593 402 2628 eodem
420 2593 561 2645 spectat
582 2596 699 2632 etiam
719 2608 758 2644 9,
787 2605 825 2641 4,
882 2605 998 2632 vetur
1018 2608 1111 2644 ergo
1140 2596 1260 2644 gestus
1292 2597 1527 2645 generalior,

187 2655 278 2691 132.
884 2651 1052 2701 quinon
1074 2651 1122 2687 ad
1147 2652 1315 2703 singulas
1343 2654 1377 2688 [e
1404 2653 1529 2703 appli-

150 2709 153 2712 ’
248 2705 336 2741 162.
350 2703 490 2755 gestum
504 2705 721 2756 distinctum.
749 2709 826 2744 Hic
884 2718 944 2743 cet
973 2712 1033 2744 res
1069 2718 1106 2744 ct
1131 2709 1277 2751 sensus,
1339 2711 1530 2758 cujusque

187 2760 309 2813 qualia
330 2763 387 2804 lit,
415 2765 585 2801 maxime
610 2775 767 2817 apparet
792 2766 826 2811 §-
883 2777 965 2802 non
984 2765 1057 2802 fint
1075 2776 1198 2815 partes
1228 2766 1459 2803 manifestae.
