1676 3028
1046 43 1055 61 ἱ

378 208 547 256 ιΝεΤ.’
584 206 863 289 onnon.
901 205 1024 252 Lm.
1043 206 1131 263 vx,
1169 217 1214 262 3.
1378 220 1397 253 ι
1411 208 1471 264 65

117 336 402 386 branamm
422 338 603 404 potius
628 335 780 387 usum
800 336 998 401 exiget:
1040 350 1175 399 quae
1204 344 1266 383 ut
1284 337 1472 395 juvant
1530 394 1534 397 ,

117 415 300 472 aciem,
337 415 411 463 ita
442 415 622 463 crebra
658 414 942 470 relatione,
982 411 1161 477 quoad
1192 413 1470 477 intingun-

43 542 50 551 ,
117 500 208 540 tur
233 492 433 549 calami,
471 501 748 540 morantur
769 506 1019 546 manum,
1059 499 1112 536 et
1134 490 1469 553 cogitationis

43 589 46 591 >
117 568 381 634 impetum
414 567 680 634 frangunt.
758 565 1162 631 Relinquendae
1195 577 1372 615 autem
1406 567 1462 615 in
1489 585 1541 620 52

116 646 374 695 utrolibet
396 662 587 711 genere
608 654 788 695 contra
816 653 975 693 erunt
1008 651 1205 692 vacuae
1228 643 1464 700 tabellae,

113 722 174 769 in
244 722 444 787 quibus
510 723 674 771 libera
743 721 1012 784 adjicienti
1072 717 1137 768 fit
1206 718 1461 770 excursio.

114 799 258 847 Nam
295 800 510 848 interim
542 801 809 865 pigritiam
849 797 1170 846 emendandi
1196 796 1463 862 angustiae

110 872 351 934 faciunt;
431 886 522 928 aut
581 887 717 924 certe
766 892 1039 925 novorum
1103 873 1480 940 interpositio·

107 967 233 1005 nem
273 954 452 1017 priora
492 951 840 1001 confundant.
951 953 1038 1000 Ne
1074 951 1199 1000 latas
1241 951 1463 1015 quidem

105 1102 180 1140 sed
208 1102 286 1139 hoc
312 1106 474 1155 proprie
499 1105 637 1141 reddes
667 1105 769 1154 quod
798 1118 875 1140 non
910 1100 961 1151 eft
983 1102 1100 1153 satis,
1154 1116 1281 1152 neque
1312 1103 1356 1139 id
1383 1103 1463 1140 huc

104 1159 230 1204 facere
262 1161 469 1213 quisqnam
499 1162 665 1212 putabit.
697 1162 744 1196 cf.
781 1171 850 1200 12,
884 1170 929 1201 2,
965 1168 1000 1204 4.
1117 1181 1122 1184 -

114 1244 116 1246 ,
187 1218 323 1264 exiget.
355 1212 488 1254 Tufic.
521 1221 559 1263 (a
590 1219 657 1254 sec.
681 1221 752 1260 m.)
788 1218 921 1265 Camp.
954 1219 1094 1264 exigat.

185 1273 332 1317 juvant.
365 1274 497 1310 Turic.
530 1277 675 1322 vigam,
706 1287 724 1308 a
746 1273 814 1308 sec.
835 1286 887 1308 m.
917 1275 1080 1321 vigeant.
1111 1272 1215 1308 Flor.
1249 1274 1287 1318 (a
1306 1287 1364 1322 pr.
1384 1275 1459 1322 m.)

99 1327 242 1376 figant.
279 1327 380 1363 Alm.
404 1331 555 1378 jugant.
803 1331 870 1365 ita.
905 1328 1032 1365 Guelf.
1065 1329 1224 1364 omittit.

192 1384 317 1420 crebra
334 1403 393 1413 -—
411 1388 558 1427 calami,
581 1394 784 1421 morantur.
818 1386 950 1422 Turio.
981 1385 1084 1420 Flor.
1130 1385 1254 1421 crebro
1282 1386 1457 1422 relationi

105 1441 205 1492 quod
242 1439 365 1487 (Flor.
400 1455 421 1476 a
442 1443 513 1479 sec.·
530 1456 582 1478 m.
608 1442 749 1490 quoad)
782 1444 946 1488 inguitur
979 1442 1130 1484 (Turio.
1159 1455 1178 1475 a
1199 1443 1266 1477 sec.
1287 1455 1339 1477 m.
1368 1444 1455 1487 jun-

102 1499 214 1545 gitur,
241 1495 344 1533 Flor.
363 1500 626 1547 «intinguntunj
651 1499 786 1532 calami
810 1499 1035 1546 repetitione
1057 1511 1102 1532 m.
1126 1511 1214 1532 cum
1233 1497 1351 1539 Alm„
1383 1500 1456 1534 nisi

103 1553 212 1601 quod
237 1554 363 1602 quoad
390 1554 515 1590 folum
554 1555 742 1595 refertur,
784 1566 841 1594 et,
883 1566 980 1602 quos
1013 1553 1223 1589 Philander
1251 1566 1453 1596 memorat,

102 1608 211 1650 aliis,
239 1610 304 1644 'ex
333 1611 475 1658 quibus
509 1623 636 1647 tamen
668 1612 860 1646 relationis
887 1611 1013 1660 quoad
1043 1612 1287 1659 intinguntur.
1325 1611 1453 1648 Guelf.

102 1665 228 1700 erebro
258 1665 438 1702 relationi
467 1682 500 1716 q.
534 1671 557 1704 i.
591 1683 618 1703 c.
655 1682 702 1702 m.
728 1667 834 1706 Voff.
862 1679 895 1702 ι.
921 1676 958 1710 5.
995 1667 1120 1702 crebro
1150 1668 1325 1704 relationi
1353 1668 1454 1718 quod

104 1723 130 1758 i.
153 1735 181 1757 c.
203 1735 251 1756 m.
299 1730 387 1757 cum
425 1725 522 1763 Jenr.
559 1726 674 1760 Tarv.
727 1723 873 1759 crebrae
910 1739 936 1758 r.
966 1738 1000 1773 q.
1023 1725 1046 1759 ι’.
1069 1737 1096 1758 c.
1117 1738 1163 1759 m.
1196 1723 1282 1760 Ald.
1330 1725 1453 1763 crebro

104 1791 133 1812 r.
156 1791 190 1826 q.
214 1779 238 1812 ι’.
263 1792 291 1814 c.
317 1792 364 1814 m.
396 1781 506 1816 Basil.
527 1783 786 1819 Burmannus,
816 1781 1000 1815 relatione
1031 1779 1214 1815 vocabuli
1236 1782 1458 1829 repetitione

51 1845 54 1848 ’
104 1832 263 1881 gl'offam
283 1844 400 1876 ratus.
433 1836 526 1872 haec
547 1837 758 1883 conjectat:
793 1836 929 1877 crebra,
954 1836 1079 1886 quoad
1099 1838 1300 1884 tinguitur.
1321 1837 1457 1872 calami

102 1891 332 1938 repetitione.
376 1893 658 1941 *Significatum
694 1891 819 1941 qualis
850 1892 928 1932 hic,
958 1893 1153 1928 relationis
1182 1891 1295 1942 plane
1325 1893 1454 1942 physi-

103 1957 183 1986 cus,
205 1946 234 1980 fi
251 1947 306 1982 ita
324 1946 437 1996 loqui
457 1949 561 1990 licet,
582 1949 765 1985 ferendus
788 1949 949 1997 quidem
970 1961 1051 1986 non
1070 1949 1242 1990 videtur,
1262 1949 1452 1985 medelam

102 2011 228 2037 tamen
253 2001 350 2039 locor
363 2015 443 2040 nou
463 2006 630 2054 reperio.

140 2060 143 2062 “
191 2067 257 2101 32.
287 2069 417 2096 contra
438 2071 546 2097 emme
562 2076 712 2098 vacuae.
754 2062 888 2098 Turio.
920 2061 1024 2098 Plor.
1060 2075 1088 2097 c.
1113 2075 1142 2096 e.
1159 2062 1222 2097 vel
1242 2075 1347 2111 quae,
1381 2061 1456 2099 ille·

103 2123 124 2148 a
151 2115 225 2158 sec¹
250 2126 302 2150 m.
339 2117 399 2151 vel
428 2117 562 2158 lolam,
609 2118 675 2153 hic
702 2119 887 2154 nostrum.
939 2117 1068 2153 Guelf.
1106 2133 1135 2153 c.
1163 2131 1243 2153 eum
1273 2133 1308 2155 v.
1359 2132 1449 2155 cum

103 2170 222 2206 Goth
262 2170 364 2207 Voss'.
394 2184 428 2208 1.
460 2184 496 2209 2
533 2176 647 2210 Bern.
675 2173 774 2212 Vall.
804 2175 902 2212 Jens.
932 2175 1049 2209 Tarv.
1076 2174 1232 2222 Reliqui
1263 2166 1461 2212 omittunt*

103 2225 367 2272 intexjectum,
395 2228 574 2265 suadente
595 2230 708 2265 etiam
729 2230 867 2278 Regio.
897 2230 973 2271 Sed
991 2230 1134 2267 Badius
1163 2245 1296 2266 vacuae
1325 2231 1449 2268 [olum

103 2280 233 2318 habet.
466 2286 660 2330 adjicienti
678 2285 743 2334 sit
784 2272 898 2321 Flor.
921 2285 976 2334 sit
1006 2287 1217 2331 adjicienda
1237 2287 1331 2336 sint.
1389 2291 1450 2325 Ex

103 2337 206 2374 Alm.
228 2340 439 2384 adjicienda
453 2340 555 2390 sunt.
591 2341 717 2378 Guelf.
750 2341 1005 2391 adjiciendas.
1029 2356 1116 2378 cum
1140 2345 1445 2382 Voff.1.13er.n

14 2395 18 2399 ”
82 2394 351 2444 ”αι1]“ἱείεη(1ἰ[.
384 2399 517 2447 Camp.
543 2411 631 2435 cum
655 2397 773 2434 Goth.
804 2408 842 2433 et
864 2398 948 2433 edd.
983 2409 1067 2434 ante
1093 2393 1214 2436 Stoer.
1249 2414 1324 2436 acc.
1342 2402 1445 2438 Obr.

104 2450 186 2486 Cur
205 2464 285 2486 non
310 2455 530 2502 corrigebat
549 2456 696 2503 Regius
722 2465 765 2489 ut
783 2461 822 2501 4,
846 2462 880 2499 5,
918 2453 972 2490 6?
1003 2455 1133 2491 Turic.
1162 2458 1255 2504 quin
1274 2458 1448 2494 nostrum

103 2504 227 2554 ipsum
261 2508 338 2550 det,
370 2524 448 2546 nou
480 2512 632 2548 dubito.
866 2510 1193 2559 interpositionem.
1223 2515 1287 2550 Sic
1313 2515 1446 2550 Turio.

103 2573 122 2594 a
143 2574 203 2610 pr.
225 2576 277 2600 m.
299 2578 388 2601 cum
407 2567 510 2605 Alm.
534 2568 695 2618 Reliqui
719 2566 1012 2617 interpositione.
1203 2570 1445 2619 confundant.

158 2687 507 2733 crebra—calami,
538 2702 742 2729 morantur.
861 2701 926 2736 32.
959 2691 1200 2741 confundant.
1219 2695 1449 2741 Coniuncti-

38 2786 41 2797 ·,
102 2741 191 2776 vide
214 2755 294 2780 not.
322 2747 409 2786 crit.
802 2762 876 2785 vus
908 2759 1009 2785 recte
1036 2750 1223 2799 ponitur,
1268 2764 1356 2787 cum
1379 2751 1448 2787 de-

898 2807 986 2841 L2
