1676 3028
338 254 433 307 263
635 255 707 300 Μ.
754 257 886 302 FAB.
935 257 1340 316 QUINTILIANI

334 376 596 435 reddatur,
637 395 704 425 ne
736 380 851 441 quis
881 395 977 427 nos
1005 390 1093 427 aut
1121 382 1409 444 petulantes
1447 384 1505 432 in
1541 385 1643 432 lae-

335 452 520 502 dendis
555 455 646 510 eis,
685 464 773 500 aut
804 454 955 500 etiarn
989 454 1282 504 ambitiosos
1309 467 1470 520 putet.
1513 483 1516 486 v
1545 463 1644 507 Ita-

334 544 439 590 que
459 529 657 585 Cicero,
693 545 991 593 quanquam
1027 539 1132 578 erat
1152 531 1209 578 in
1231 533 1433 580 Cottam
1456 533 1646 597 gravis-

332 601 459 650 sime
479 602 727 660 dicturus,
763 621 935 668 neque
963 606 1110 653 aliter
1149 607 1228 669 agi
1249 610 1298 654 P.
1325 609 1484 672 Oppii
1501 607 1646 656 causa
1673 656 1676 662 ,

331 687 555 742 poterat,
616 679 769 743 longa
810 689 980 727 tamen
1023 679 1341 746 praefatione
1388 682 1645 731 excusavit

261 760 309 805 63
334 751 489 800 officii
518 752 598 801 sui
627 753 973 803 neceffitatem.
1052 757 1346 819 Aliquando
1382 759 1533 805 etiam
1563 760 1661 806 in·-

328 825 626 886 ferioribus,
663 831 1046 895 praecipueque
1079 831 1495 890 adolescentulis,
1526 850 1645 898 ,par-

329 919 443 950 cere
480 915 568 952 aut
599 905 798 952 mederi
831 905 987 954 decet.
1065 908 1240 955 Utitur
1282 908 1375 955 hac
1409 907 1675 957 modera-·

325 979 471 1027 tione
512 981 694 1030 Cicero
748 998 845 1046 pro
878 983 1060 1031 Coelio
1118 993 1293 1031 contra
1333 985 1642 1041 Atratinum,

321 1139 474 1175 pretor,
514 1141 557 1165 ut
580 1131 751 1166 voluerit
778 1131 832 1177 ie,
862 1131 930 1179 qui
960 1131 1035 1166 hoc
1066 1131 1189 1172 daret,
1216 1143 1302 1166 cum
1333 1133 1470 1178 patris,
1497 1134 1662 1174 mati-iss

319 1185 630 1232 propinquorum
653 1187 832 1234 dignitati
854 1187 1001 1234 aliquid
1022 1188 1234 1222 concessum
1255 1187 1352 1226 effet,
1382 1189 1466 1222 aliis
1488 1201 1641 1236 quoque

321 1239 571 1286 dignitatibus
602 1242 787 1289 quendam
817 1243 1003 1276 honorem
1044 1241 1187 1276 haberi.
1255 1242 1327 1276 Sed
1361 1242 1538 1291 displicet
1576 1242 1641 1278 vel

319 1307 477 1342 propter
496 1295 534 1329 id
557 1297 662 1344 quod
684 1298 800 1331 modo
831 1308 909 1331 erat
939 1298 1050 1336 „ali1's
1078 1298 1312 1345 propinqq.“

404 1353 464 1385 eis.
511 1352 572 1386 Sic
605 1353 735 1388 Turio.
766 1352 867 1387 Flor.
905 1352 1034 1401 Camp.
1073 1354 1117 1387 iis
1155 1352 1286 1387 Ambr.
1320 1363 1355 1389 2.
1396 1354 1512 1389 Goth.
1541 1354 1639 1392 Jens.

320 1409 406 1449 (tac.
441 1407 567 1450 Gesn.)
599 1418 635 1442 et
667 1409 749 1443 edd.
782 1419 865 1442 ante
898 1408 1004 1443 Basil.
1038 1408 1193 1455 Reliqui
1220 1408 1284 1442 his.
1318 1407 1363 1444 cf.
1392 1422 1462 1449 10,
1495 1420 1539 1448 2,
1574 1422 1637 1443 11-

319 1461 444 1496 Modo
465 1471 506 1496 ul:
546 1464 748 1509 petulantes
775 1463 900 1498 Turic.
936 1463 1036 1498 Flor.
1067 1463 1150 1506 (hic
1175 1476 1194 1496 a
1220 1476 1276 1509 pr.
1295 1465 1366 1507 m.)
1397 1478 1482 1498 cum
1506 1463 1606 1498 Alm.

404 1517 468 1559 68.
500 1518 642 1552 mederi.
675 1519 804 1553 Tui-ic.
838 1518 938 1552 Flor.
965 1518 1095 1552 Ambr.
1126 1527 1161 1552 2.
1203 1517 1329 1552 Guelf.
1361 1521 1452 1552 Exc.
1483 1522 1634 1555 Samen.

319 1573 450 1618 Camp.
492 1585 578 1606 cum
611 1572 712 1608 Voss'.
751 1587 783 1606 ι.
819 1583 852 1607 2.
884 1582 920 1615 3.
961 1573 1076 1608 Goth.
1107 1573 1233 1607 videri.
1282 1574 1328 1607 In
1357 1574 1452 1611 Jens.
1479 1574 1554 1619 jam
1585 1574 1635 1608 est

316 1627 487 1662 nostrum
521 1628 584 1671 (cf.
612 1638 645 1673 9,
677 1637 713 1670 5,
747 1628 842 1671 68.)‚
873 1627 976 1674 quod
1005 1628 1045 1661 in
1073 1627 1181 1662 nullo
1211 1627 1386 1673 equidem
1413 1628 1507 1663 Cod.
1526 1641 1634 1676 repe-

313 1682 389 1716 riri
406 1683 530 1718 credo.
561 1682 621 1716 An
642 1683 765 1729 aliqua
787 1684 1002 1729 conjectura
1020 1683 1215 1717 invectum
1237 1682 1291 1721 sit,
1314 1682 1482 1718 dubitari
1502 1682 1632 1730 potest.

313 1737 451 1784 Neque
486 1749 609 1780 tamen
643 1737 862 1772 difficultate
895 1747 1003 1777 caret,
1034 1750 1120 1772 cum
1147 1738 1216 1772 vix
1241 1736 1351 1784 poffit
1386 1738 1633 1773 demonstrari

312 1791 435 1832 loeus,
467 1793 535 1828 ubi
567 1793 619 1827 ‘sic
651 1793 798 1827 dicatur
823 1792 961 1839 aliquis
993 1794 1127 1827 mederi
1155 1793 1309 1827 homini
1342 1788 1436 1844 (non
1465 1795 1534 1839 rei)
1560 1804 1631 1839 pro

312 1860 358 1882 eo
381 1849 485 1894 quod
514 1848 572 1887 est,
604 1848 806 1895 corrigere,
838 1861 1006 1888 monere,
1041 1849 1260 1888 emendare3
1292 1849 1362 1882 nili
1389 1849 1488 1883 forte
1519 1847 1631 1882 intel·

310 1901 448 1949 ligitur
474 1903 674 1942 medicina,
707 1917 801 1951 quae
829 1914 979 1951 paratur
1006 1903 1184 1938 leniendo
1212 1902 1339 1938 dolori
1371 1917 1417 1938 ex
1435 1903 1631 1937 necess'aria

309 1959 600 2005 reprehensione
625 1969 721 1994 orto.
753 1960 859 1993 Hanc
882 1959 982 1993 enim
1005 1959 1183 2005 Gedoyni
1204 1959 1388 1993 rationem
1411 1959 1481 1993 effe
1499 1958 1629 1998 video,

311 2013 382 2059 qui
412 2013 529 2062 longo
562 2014 643 2048 sane
679 2015 848 2048 anfractu
878 2013 1088 2048 verborum
1116 2014 1247 2048 brevia
1276 2013 1368 2048 haec
1405 2024 1442 2048 et
1468 2013 1629 2059 praecisa

308 2067 448 2104 reddit.
506 2069 584 2117 Ipsa
608 2069 728 2105 Codd.
751 2069 933 2116 [criptura
962 2069 1035 2104 fert
1054 2069 1408 2116 interpretationem
1436 2068 1518 2103 satis
1538 2079 1628 2115 pro·

305 2191 599 2239 magistratibus,
612 2191 866 2239 principibus.
891 2190 938 2227 cf.
998 2189 1214 2238 exemplum
1234 2189 1404 2236 ponitur,
1416 2188 1502 2224 curn
1515 2198 1629 2236 xantea

308 2254 345 2289 7,
380 2260 412 2287 ι,
441 2257 504 2290 52.
997 2246 1142 2280 dictum
1164 2245 1278 2279 fuerit
1313 2245 1357 2279 de
1387 2243 1627 2291 inferiorilms,
1661 2249 1664 2254 '

363 2305 399 2337 in
420 2304 565 2339 Cottam
593 2300 796 2351 graviffi'me
824 2302 939 2337 dictu·
995 2301 1067 2335 nisi
1094 2301 1192 2335 forte
1213 2299 1244 2333 ii
1271 2294 1500 2334 addito‘illo
1523 2311 1626 2346 prae·

304 2371 374 2392 rus.
406 2357 450 2393 cf.
475 2366 519 2400 5,
554 2369 614 2401 15,
647 2371 710 2394 20.
994 2358 1096 2402 cipue
1112 2353 1385 2402 adolescentulis
1403 2354 1448 2388 ad
1469 2363 1628 2388 aetatem

361 2413 423 2456 63.
457 2414 600 2448 mederi.
632 2415 677 2450 cf.
702 2424 780 2448 not.
803 2414 886 2448 crit.
993 2411 1108 2446 solam
1158 2410 1426 2457 astringuntur.
1493 2409 1627 2442 Fateor

355 2482 423 2514 pro
439 2469 574 2504 Coelio.
587 2471 658 2510 „In
676 2471 754 2517 ipso
776 2470 936 2504 exordio
994 2477 1119 2501 tamen
1136 2464 1319 2500 libentius
1334 2477 1395 2499 me
1417 2464 1626 2498 cariturum

301 2522 572 2570 „aliquoties-‘⁶
595 2525 788 2560 Gesnerus.
805 2525 939 2558 Contra
994 2521 1069 2556 istis
1092 2531 1125 2555 et
1143 2520 1284 2558 nobilis,
1309 2532 1394 2555 cum
1405 2518 1623 2566 praesertim

300 2580 508 2613 Atratinum
539 2579 604 2614 hic
632 2590 730 2614 recte
761 2579 838 2613 dici
867 2580 936 2614 du-
993 2575 1135 2623 duplex
1183 2585 1220 2610 et·
1259 2575 1379 2622 magis
1425 2582 1622 2619 congruat,

301 2632 398 2673 bito,
430 2645 466 2669 et
485 2635 616 2669 malim
642 2638 732 2669 circa
752 2635 797 2668 A.
831 2634 876 2669 cf.
900 2635 934 2673 6,
993 2644 1117 2679 quam,
1136 2641 1178 2665 ut
1200 2644 1302 2665 nunc
1320 2630 1378 2668 est,
1396 2628 1553 2677 triplex.⁴
1578 2629 1623 2661 In.

305 2699 347 2727 1,
378 2698 440 2731 ιιι.
504 2692 599 2724 Mox
627 2689 746 2738 potest
767 2687 934 2723 alienum
991 2686 1163 2734 Sulpicio
1201 2699 1294 2721 mox
1341 2685 1390 2720 est
1438 2682 1621 2718 nobilitas.

301 2743 448 2784 videri,
479 2745 581 2794 quod
609 2745 741 2781 nobilis
772 2740 933 2790 alicujus
991 2742 1047 2778 Cf.
1065 2751 1146 2777 not.
1168 2742 1250 2777 crit.
