1676 3028
378 187 537 233 1NsT.
575 185 853 232 ORATOR.
888 183 1007 228 Lm.
1046 181 1143 238 xl,
1176 191 1225 237 3.
1369 193 1464 244 397

131 315 232 366 bus
254 312 302 362 se
324 317 382 363 in
403 312 723 380 proferenda
746 327 909 360 manu
931 284 1108 375 digitis
1124 346 1138 366 ,
1177 308 1465 360 continuos

133 401 185 441 et
217 390 552 440 decurrentes
585 392 730 440 locos
751 388 975 438 maxime
1001 386 1163 435 decet.
1242 387 1309 434 At
1341 401 1468 434 cum

130 466 416 534 speciofius
451 454 934 534 quid'uberiusque
960 462 1251 514 dicendum
1277 459 1365 520 est,
1404 470 1467 510 ut

131 544 289 604 illud,
327 546 474 595 Saxa
502 557 660 610 atque
668 539 976 616 solitudines
1004 543 1120 592 voci
1145 535 1466 613 respondent,

132 622 426 689 expatiatur
456 624 514 671 in
547 623 710 680 latus,
758 630 809 669 et
837 618 946 686 ipsa
983 616 1383 684 quodammodo
1414 614 1467 664 se

133 715 258 749 cum
290 697 437 764 gestu
460 698 642 749 fundit
665 698 846 749 oratio.
923 698 1121 747 Manus
1160 711 1316 754 vero,
1353 692 1468 742 fine
1487 700 1542 741 85

131 775 328 842 quibus
351 786 537 826 trunca
570 773 691 824 effet
720 775 855 825 actio
888 791 944 823 ac
981 772 1199 832 debilis,
1234 773 1327 822 vix
1358 770 1468 821 dici

133 938 277 970 motus,
322 929 567 967 commendat
591 930 749 966 Badius.
1038 942 1158 965 manu.
1180 927 1285 964 Flor.
1308 939 1470 963 manum.

130 986 266 1022 Ambr.
291 995 328 1022 2.
362 1000 548 1034 magnum.
582 987 682 1021 Mox
704 987 876 1021 continuo
890 983 961 1034 sed
983 985 1208 1024 decurrentis
1226 983 1330 1019 Flor.
1345 984 1469 1018 decur-

77 1071 97 1093 .
131 1044 244 1078 Tentis
265 1043 380 1080 etiam
397 1043 533 1079 Ambr.
556 1051 593 1079 2.
831 1040 1048 1090 speciosius.
1081 1041 1200 1078 Geth.
1226 1041 1314 1087 (tae.
1337 1040 1467 1084 Gesn.)

123 1097 351 1150 speciosum,
382 1099 565 1148 idemque
585 1099 705 1135 modo
729 1097 784 1134 Ac
800 1111 874 1149 pro
894 1098 958 1139 At,
988 1099 1122 1148 Camp.
1148 1108 1277 1133 autem
1303 1097 1361 1131 Ue.
1389 1097 1470 1132 Lo-

133 1165 206 1191 cat.
227 1155 306 1191 Aut
325 1168 414 1191 cum
433 1157 570 1194 Venet.
593 1157 703 1192 Rusc.
751 1158 827 1192 Pro
848 1155 1062 1205 uberiusque
1082 1155 1213 1204 Cnmp.
1236 1162 1303 1190 aut
1327 1152 1471 1187 uberius

134 1211 228 1259 (err.
255 1213 336 1249 Ges.
361 1212 405 1247 in
431 1212 549 1248 Goth.
585 1213 655 1260 qui
687 1226 767 1249 non
788 1211 974 1260 recedit),
1006 1211 1190 1260 idemque
1204 1209 1259 1260 sit
1282 1222 1378 1244 mox
1395 1220 1470 1258 pro

136 1263 199 1312 est,
231 1278 268 1304 et
287 1267 520 1317 responderet
542 1268 586 1304 in
607 1267 695 1305 loco
718 1269 799 1307 Cic.
823 1268 928 1305 Flor.
949 1269 1130 1318 expiator.
1151 1267 1284 1303 Turic-
1304 1265 1409 1302 Flor.
1429 1273 1472 1301 uc

136 1321 227 1374 ipsa.
258 1324 392 1363 Turic.
408 1324 536 1375 secum
557 1336 594 1362 et
610 1324 766 1374 fundito
787 1327 897 1362 ratio.

223 1409 290 1448 35.
318 1406 431 1442 actio.
454 1405 586 1442 Turio.
608 1404 712 1441 Flor.
735 1404 854 1442 Goth.
875 1406 964 1452 (tac.
981 1401 1120 1452 Germ)
1138 1404 1200 1440 fed
1218 1403 1284 1440 hic
1306 1417 1326 1439 a
1344 1414 1403 1451 pr.
1420 1414 1474 1436 m.

136 1461 282 1500 oratio,
313 1461 437 1502 male,
480 1461 677 1497 aberrante
703 1462 751 1496 ad
778 1461 975 1510 superiora
1002 1461 1191 1502 libs-arim
1214 1462 1262 1497 cf.
1284 1466 1323 1506 4,
1349 1472 1383 1499 ι.
1408 1467 1474 1501 52·

134 1517 200 1554 Sic
218 1515 383 1552 viciffim
403 1517 504 1553 infra
523 1520 558 1565 §.
574 1518 638 1566 96.
656 1517 786 1554 Guelf.
804 1519 898 1553 Exe.
913 1519 1064 1553 Santen.
1087 1520 1228 1554 actioni
1249 1529 1338 1552 cum
1351 1513 1472 1550 Goth.

134 1573 236 1613 Jenl'.
269 1584 307 1610 et
341 1573 424 1609 edd.
451 1574 610 1623 posterr.
636 1586 722 1611 ante
742 1576 865 1610 Stoer.
899 1575 999 1610 Mox
1017 1573 1084 1611 hic
1105 1574 1209 1612 Flor.
1227 1582 1334 1623 patet
1357 1569 1470 1620 quod-

134 1628 270 1665 Ambr.
291 1639 328 1664 2-
358 1629 439 1678 ipsa
465 1631 565 1666 verb.
587 1632 706 1668 Goth.
730 1631 829 1677 (τῆς.
850 1630 991 1677 Gesn.)
1012 1630 1249 1682 persequatur
1276 1629 1411 1676 (idem
1430 1638 1474 1660 αθ

139 1685 326 1722 defiderat
355 1696 441 1721 ante
475 1686 620 1735 debit.)
646 1689 743 1724 Obr.
766 1686 1058 1738 prosequantur,
1090 1689 1198 1737 quod
1219 1688 1335 1724 etiam
1356 1686 1475 1721 Fran-

119 1742 224 1777 ·cius
254 1741 480 1788 conjecerat.
524 1742 594 1778 Per
616 1757 754 1779 verum
786 1743 854 1785 est,
883 1743 974 1791 quia
999 1743 1067 1779 hic
1090 1757 1170 1780 non
1201 1746 1244 1780 id
1271 1744 1475 1792 spectatur,

141 1796 248 1845 quod
259 1809 394 1832 manus
410 1798 527 1834 verba
540 1797 718 1848 sequitur,
737 1799 799 1834 sed
819 1799 927 1848 quod
950 1802 1075 1836 omnia
1095 1801 1280 1849 sequitur.
1311 1795 1478 1846 Alioqui

140 1851 262 1888 nihili
289 1853 334 1889 fit
359 1866 488 1902 paene.
521 1856 656 1893 Ambr.
678 1867 715 1893 2.
741 1852 902 1906 propest.
928 1855 1062 1894 Tul-ic.
1082 1857 1187 1894 Flor.
1218 1855 1298 1907 ipsa
1318 1855 1478 1905 loquan-

136 2000 139 2003 ’
197 1991 262 2033 84.
277 1986 504 2026 decurrentes
514 1990 628 2027 locos.
645 1991 692 2028 cf,
712 2006 727 2028 ι
742 2006 776 2034 ι,
832 1990 905 2027 fibi
924 1991 1003 2040 ipse
1021 1993 1171 2042 fingere
1192 1992 1298 2041 quasi
1321 1991 1476 2038 cogitur

146 2057 183 2084 ι,
205 2042 242 2079 6-
277 2054 314 2089 9,
337 2050 372 2086 4,
395 2047 460 2082 61.
498 2057 562 2088 12,
589 2059 624 2095 9,
649 2057 686 2084 2.
834 2048 1075 2090 orationem,
1106 2063 1177 2085 nee
1205 2049 1414 2097 perfectam
1438 2056 1479 2084 et

200 2100 412 2149 expatiatur
439 2105 478 2138 in
502 2103 600 2146 latus
618 2124 674 2132 -
695 2119 776 2141 ora·
835 2104 1082 2141 dubitatione
1114 2118 1276 2141 vacuam
1300 2104 1438 2152 accipit
1457 2115 1478 2138 a

142 2157 211 2192 tio.
278 2157 379 2193 Cave
417 2159 523 2195 idem
564 2161 778 2208 subjectum
832 2160 1038 2208 scriptore;
1069 2161 1187 2197 subiit
1207 2176 1256 2198 ex
1277 2158 1477 2197 vetustiffi-

142 2213 318 2262 agnoscas
349 2215 392 2250 in
431 2226 599 2266 utroque
635 2219 772 2257 verbo.
831 2229 990 2252 morum
1018 2219 1224 2267 scriptura,
1253 2227 1293 2254 ut
1321 2229 1394 2267 pro
1426 2225 1478 2257 εἴ»

142 2270 248 2316 Quae
274 2270 378 2307 enim
405 2271 522 2308 fuerit
543 2277 663 2311 oratio
685 2288 782 2323 quae
839 2272 933 2309 haec
954 2274 1119 2311 efficere:
1151 2284 1219 2317 „ut
1236 2271 1479 2325 ipsa-fun·

141 2328 350 2374 erpatieeur
378 2330 416 2363 in
445 2328 570 2365 latus?
619 2333 671 2368 At
704 2332 781 2370 hoc
838 2331 932 2372 „dac
955 2332 1122 2367 oratio.“
1140 2332 1236 2380 cf.§.
1253 2339 1319 2379 98.
1339 2339 1409 2373 „ut
1425 2346 1481 2375 —-,

140 2381 193 2417 est
216 2381 432 2426 brachium,
468 2385 533 2422 vel
552 2388 676 2435 gestus
696 2389 781 2425 bra-
836 2389 1074 2428 ,‚v1'deacur.“
1101 2389 1164 2424 De
1176 2388 1372 2438 fundendo
1387 2386 1478 2423 ebn-

67 2459 70 2462 -
141 2436 232 2473 chio
263 2439 480 2483 faciendus,
510 2444 579 2491 qui
601 2445 679 2491 jam
699 2459 781 2483 non
837 2443 917 2479 sule
942 2458 1004 2486 10,
1027 2452 1066 2488 5,
1092 2458 1153 2481 ιι.
1205 2447 1308 2482 Sata
1330 2455 1368 2481 et
1383 2443 1479 2495 soli·

142 2493 332 2530 moderate
366 2499 564 2543 projicitur
590 2502 619 2536 i.
654 2515 685 2540 e.
716 2503 780 2538 ad·
839 2501 984 2536 tudines
1015 2502 1097 2539 Cic.
1124 2516 1198 2551 pro
1219 2502 1360 2538 Archia
1379 2513 1410 2535 c.
1433 2505 1474 2545 8.

136 2551 295 2613 versum
333 2552 454 2588 modo
482 2558 680 2603 procedit,
720 2559 784 2595 sed
838 2557 930 2595 vide
954 2558 1068 2594 nostr.
1098 2571 1161 2598 ιι,
1184 2570 1217 2597 1,
1238 2562 1304 2605 54·

145 2614 260 2642 enam
288 2610 326 2643 in
357 2610 454 2645 lacus
484 2613 694 2659 egreditur.
731 2614 779 2650 cf.

143 2662 180 2723 9.-
202 2671 264 2709 95.
295 2673 384 2711 124.
433 2669 532 2704 Cum
559 2680 686 2706 tamen
714 2669 783 2706 du·
897 2678 962 2716 35.
992 2672 1056 2706 vix
1075 2670 1149 2705 dici
1168 2668 1299 2719 potest.
1339 2670 1480 2708 Trans·

143 2726 232 2754 rme
243 2731 323 2758 non
333 2734 467 2767 careat,
481 2725 586 2775 quod
596 2726 647 2762 [ic
659 2725 784 2764 lector
840 2729 1069 2778 ponendum
1090 2728 1220 2768 censeo
1243 2728 1282 2766 d.
1304 2729 1367 2766 vix
1385 2741 1425 2778 p.
