1676 3028
226 212 320 259 πει,
538 205 612 250 Μ.
644 207 775 250 FAss.
811 205 1220 265 QUlNTlLIANI

223 326 374 374 certis
408 326 592 376 diebus
635 325 1044 375 audiendarum:
1105 327 1351 375 nonnihil
1384 327 1540 376 etiam

221 399 482 464 persuasio
507 413 731 467 patrum,
761 402 1149 449 numerantium
1169 404 1346 465 potius
1373 402 1540 449 decla-

151 493 206 519 22
229 476 510 533 mationes,
560 494 716 540 quam
754 475 1146 523 aestimantium.
1223 475 1351 532 Sed,
1393 476 1540 539 quod

223 550 332 597 dixi
365 551 566 614 primo,
617 563 678 600 ut
712 552 959 606 arbitror,
1016 550 1180 605 libro,
1236 564 1331 596 nec
1359 550 1450 596 ille
1489 549 1569 598 [θ’

187 687 189 689 ¹
220 626 716 690 bonus‘praeceptor
738 629 931 684 majore
954 640 1193 680 numero,
1217 639 1373 687 quam
1395 622 1540 671 susti-

221 716 348 747 nere
375 699 533 762 pcffit,
572 689 829 750 onerabit:
873 710 923 746 et
947 701 1154 746 inanem
1174 699 1541 761 loquacitatem

224 774 434 830 recidet,
471 786 530 824 ut
543 776 740 832 omnia,
780 790 912 838 quae
939 772 1058 822 sunt
1087 775 1144 821 in
1179 771 1542 833 controversia,

224 859 426 903 non,ut
451 850 666 912 quidem
693 851 892 905 volunt,
905 866 1036 913 quae
1060 850 1114 896 in
1144 865 1320 897 rerum
1342 859 1542 905 natura,

223 923 491 972 dicantur:
517 935 565 971 et
584 926 670 972 vel
691 925 930 988 longiore
949 925 1128 988 potius
1149 923 1358 971 dierum
1378 922 1541 988 spatio

223 999 415 1046 laxabit
435 998 644 1047 dicendi
665 998 1014 1055 neceffitatem,
1037 999 1122 1046 vel
1141 1000 1375 1046 materias
1403 998 1536 1046 divi·
1552 1009 1628 1051 947

152 1087 202 1124 23
227 1073 349 1122 dere
375 1076 654 1138 permittet.
732 1078 847 1124 Una
877 1075 1019 1122 enim
1056 1064 1334 1139 diligent&
1363 1070 1542 1121 effecta

219 1224 324 1262 Voff.
351 1237 384 1260 ι.
407 1234 441 1260 2.
470 1223 570 1262 vall.
589 1225 701 1260 Bern.
722 1225 818 1262 Jens.
853 1236 891 1260 et
921 1224 1004 1261 edd.
1037 1224 1192 1271 poftenu
1222 1233 1306 1259 ante
1324 1222 1434 1259 Bam,
1461 1233 1542 1261 exc:

218 1278 306 1313 Ald.
336 1279 494 1326 Reliqui
525 1278 697 1326 frequens
726 1289 752 1314 t.
787 1280 823 1314 d.
864 1279 1079 1324 (rectiffime
1105 1279 1367 1327 improbatum
1401 1279 1542 1326 Regio)

220 1334 291 1368 nisi
311 1335 415 1381 quod
438 1336 568 1381 Camp.
589 1334 715 1382 lepide
731 1333 894 1381 fremens
916 1335 988 1369 ad.
1011 1334 1168 1382 Capper.
1189 1333 1357 1370 nostrum
1377 1333 1541 1369 voluiffe

216 1388 385 1429 videtur,
417 1389 608 1436 appellans
631 1389 782 1436 aliquot
804 1388 886 1430 loca
907 1389 1001 1424 libri
1029 1402 1058 1422 ι.
1081 1401 1158 1436 cap.
1179 1399 1213 1424 2.
1246 1387 1374 1432 (velut
1405 1391 1541 1436 §.15.)

217 1444 288 1479 ubi
315 1443 419 1478 turha
447 1445 522 1478 sine
550 1443 620 1478 illo
646 1443 820 1490 frequens
850 1447 992 1490 (neque
1022 1454 1146 1478 amant
1175 1443 1365 1488 ejusmodi
1400 1443 1543 1479 addita-

217 1509 344 1534 menta
375 1500 444 1546 qui
473 1498 556 1533 stilo
585 1498 774 1546 pollent);
813 1498 875 1533 sed
907 1492 1043 1546 op-erae
1073 1497 1299 1533 defuerunt:
1349 1499 1542 1533 omittitur

221 1553 323 1589 enim
346 1553 440 1601 fere.
564 1546 567 1557 '

303 1618 367 1643 22.
406 1604 587 1654 sustinere.
627 1607 755 1643 Turic.
798 1607 924 1643 Guelf.
965 1604 1135 1655 sustineri
1171 1619 1259 1642 cum
1294 1608 1379 1643 Ald.
1418 1610 1541 1645 Stoer.

219 1664 384 1700 Chouet.
426 1663 536 1697 Leid.
821 1665 974 1697 inanem.
1026 1663 1087 1697 Sic
1120 1663 1248 1710 Camp.
1304 1663 1375 1698 Sed
1410 1664 1543 1700 Turio.

220 1721 393 1754 animnm.
435 1717 538 1752 Flor.
577 1719 627 1760 (a
657 1731 714 1764 pr.
742 1719 824 1762 m.)
865 1719 1050 1752 anirniam.
1098 1717 1255 1764 Reliqui
1293 1720 1454 1756 nimiam.
1494 1718 1542 1754 cf.

225 1786 286 1813 ιο,
316 1782 356 1816 3,
391 1784 426 1809 2.
655 1773 800 1808 recidet.
833 1773 963 1809 Turio.
986 1771 1087 1807 Flor.
1111 1771 1237 1807 Guelf.
1270 1774 1425 1808 recidero
1454 1786 1545 1810 cum

222 1828 338 1864 Goth.
369 1828 472 1866 Voss'.
494 1838 529 1863 2.
559 1826 658 1862 Alm.
680 1829 794 1862 Bern.
1022 1828 1177 1876 quidem.
1208 1828 1270 1863 Sic
1288 1829 1418 1863 Turio.
1438 1828 1544 1864 Flor-

223 1886 259 1927 (a
279 1896 336 1930 pr.
360 1897 411 1920 m.
438 1885 629 1930 uterque).
688 1882 845 1930 Reliqui
863 1883 1032 1932 quidam,
1062 1882 1166 1929 quasi
1191 1883 1287 1918 serio
1317 1882 1439 1930 aliqui
1467 1883 1544 1920 hoc

223 1937 379 1974 vellent.
623 1938 770 1972 dierum.
802 1937 928 1972 Guelf.
966 1938 1131 1972 dixerim.
1373 1940 1545 1974 materias

210 1994 397 2029 dividere.
448 1993 581 2029 Turic.
623 1994 811 2026 materiam
832 1991 871 2039 si
898 1993 955 2032 aL,
987 2005 1006 2025 a
1024 1992 1090 2028 [ec.
1109 2005 1158 2026 ιιι.
1192 1994 1380 2028 materiam
1402 1991 1479 2040 sibi
1505 1993 1543 2028 d.

225 2059 263 2083 et
291 2049 339 2083 sic
369 2050 499 2096 Camp.
531 2060 620 2082 cum
643 2045 756 2081 Bodl.
786 2047 903 2082 Andr.
954 2049 1119 2081 materias
1143 2046 1218 2095 fibi
1247 2046 1284 2083 d.
1325 2048 1423 2085 Jens.
1456 2060 1543 2083 cum
1607 2078 1611 2081 .

226 2103 308 2139 edd.
331 2114 414 2138 ante
438 2102 524 2149 ead.
559 2104 746 2136 materiam
771 2101 806 2135 d.
837 2101 952 2137 Goth.
976 2103 1065 2146 (tac.
1087 2102 1213 2144 Gesn.)
1243 2115 1328 2136 cum
1349 2103 1452 2139 Voff.
1478 2113 1513 2140 2.

309 2168 372 2202 25.
410 2160 488 2193 Una
508 2159 613 2192 enim.
655 2157 785 2191 Turic-
813 2156 917 2196 Flor.
951 2155 1076 2198 Guelf.
1111 2157 1297 2192 omittunt
1326 2170 1414 2192 cum
1443 2157 1544 2193 Alm.

222 2290 337 2324 Recte
384 2286 662 2323 Almelovenus
712 2285 861 2334 ablegat
972 2296 1013 2321 uc
1044 2288 1188 2336 quidem
1217 2288 1354 2323 volunt.
1411 2286 1546 2323 Decla-

192 2380 195 2383 ,
222 2342 268 2376 ad
291 2354 334 2382 2,
364 2353 400 2386 7,
440 2357 472 2380 1.
915 2352 1059 2377 mantes
1093 2342 1249 2388 quidem
1286 2344 1442 2387 juvenes
1473 2341 1548 2377 hoc

280 2408 342 2432 22.
372 2397 673 2445 primo—libro.
698 2407 778 2436 1,2,
798 2403 860 2439 ¹5-
915 2395 1074 2437 volunt,
1104 2408 1168 2432 aut
1204 2397 1304 2433 velle
1326 2397 1458 2444 potius
1490 2398 1548 2431 vi·

223 2452 327 2486 Illud
366 2463 405 2489 uc
444 2454 601 2488 arbitror
654 2452 859 2487 deliciandi
917 2452 1065 2487 dentur.
1405 2452 1411 2460 '

224 2506 345 2553 magis
369 2509 471 2542 causa
489 2506 620 2543 dixiss'e
636 2506 736 2542 mihi
753 2507 860 2540 vide-
974 2509 1143 2541 macerias
1163 2505 1334 2541 dividere.
1393 2509 1479 2543 Hoc
1499 2521 1548 2544 ne

225 2571 307 2601 tur,
358 2575 472 2608 quam
506 2573 664 2610 propter
693 2560 859 2596 oblivio·
916 2562 1094 2596 videatur
1126 2573 1294 2608 pugnare
1330 2561 1411 2603 illi,
1443 2563 1548 2610 quod

224 2629 326 2651 nem.
376 2617 436 2650 Ad
476 2631 583 2664 quam
608 2614 784 2664 sustinere
814 2628 861 2650 an
918 2616 1026 2662 cupit
1049 2615 1146 2654 fieri,
1175 2625 1218 2649 ut
1237 2628 1304 2663 per
1330 2627 1424 2652 totas
1444 2628 1549 2653 eatur

226 2672 324 2706 forte
344 2684 449 2718 quem
466 2671 675 2707 inseremus
689 2669 708 2705 ’ἓ
916 2670 1102 2710 materias,
1117 2670 1321 2705 tenendum
1345 2673 1406 2713 est,
1425 2672 1551 2722 (quod
