1630 3048
361 245 524 292 INST.
575 243 853 290 ORATOR.
898 244 1015 288 LIB.
1063 244 1136 300 X,
1191 258 1232 290 1.
1408 243 1469 303 67

115 365 468 440 Xenophontis
505 373 653 421 illam
687 370 1072 433 jucunditatem
1107 367 1472 433 inaffectatam,

117 450 207 501 sed
239 469 399 516 quam
431 450 578 499 nulla
611 447 860 513 consequi
890 444 1147 496 affectatio
1178 448 1360 514 poffit‘?
1409 461 1471 499 ut

117 527 256 597 ipsae
288 527 584 576 sermonem
608 524 731 574 finxi
741 523 805 572 ise
826 526 1031 573 Gratiae
1054 525 1360 584 videantur,
1402 537 1469 586 et,

119 605 271 670 quod
310 604 377 653 de
417 604 614 652 Pericle
659 604 848 652 veteris
891 602 1198 651 comoediae
1235 602 1470 671 tesiimo-

118 683 273 732 nium
312 680 412 738 est,
451 682 510 730 in
547 681 693 728 hunc
727 677 1278 739 transferi-liastiffime
1305 680 1468 746 possit,

119 760 180 807 in
222 759 380 807 labris
425 762 536 816 eius
581 754 759 804 sediffe
804 756 1067 821 quandam
1114 757 1468 823 persuadendi

123 835 290 888 deam,
341 834 487 903 Quid
506 835 635 898 reliq
647 851 841 882 uorum
865 825 1238 882 Socraticorum
1262 836 1468 900 elegan-
1491 844 1543 883 85

30 928 111 973 904
124 913 250 960 tiam
266 913 289 959 ’ἔ
326 910 470 980 Quid
493 907 830 979 Aristotelem
846 913 871 958 ‚9
909 927 1069 974 quem
1095 910 1283 961 dubito
1307 911 1472 960 scien-

119 990 192 1037 tia
212 1004 416 1045 rerum,
453 1004 518 1034 an
538 985 855 1051 scriptorum
878 988 1045 1051 copia,
1091 1006 1157 1036 an
1178 989 1471 1052 eloquendi

116 1063 387 1121 suavitate,
424 1080 490 1111 an
510 1064 890 1112 inventionum
915 1065 1174 1123 acumine,
1215 1083 1282 1113 an
1301 1068 1470 1115 varie-

118 1151 223 1190 tate
277 1157 528 1207 operum,
589 1141 866 1189 clariorem
916 1151 1115 1206 putem.
1215 1143 1358 1192 Nam
1408 1145 1469 1193 in

142 1336 146 1339 .
205 1312 270 1350 82.
301 1305 406 1341 illam
435 1305 724 1351 jucunditatem.
794 1305 857 1340 Sic
887 1305 1019 1341 Turio.
1049 1305 1153 1343 Flor.
1188 1307 1314 1344 Guelf.
1349 1307 1469 1345 Goth.

119 1363 218 1403 Jens.
239 1361 336 1409 (tac.
359 1363 497 1407 Gesn.)
530 1363 661 1411 Camp.
685 1375 771 1397 cum
795 1362 879 1397 edd.
902 1373 986 1396 ante
1010 1363 1162 1411 Gryph.
1221 1364 1383 1412 Reliqui
1399 1367 1429 1410 j.
1444 1367 1468 1401 i.

141 1446 145 1450 .
207 1418 375 1467 consequi
414 1417 608 1465 affectatio
643 1433 692 1466 po
722 1428 764 1454 ιε.
848 1420 911 1453 Sic
951 1419 1084 1454 Turic.
1128 1419 1232 1455 Flor.
1278 1425 1470 1469 (uterque

119 1487 248 1514 tamen
275 1474 384 1522 ads.)
417 1475 549 1523 Camp.
579 1474 690 1524 poffit
723 1474 919 1522 affectatio
940 1473 1049 1524 sequi
1087 1475 1212 1512 Guelf.
1247 1490 1332 1511 cum
1362 1478 1467 1514 Voff.

124 1547 160 1569 ι.
185 1541 222 1575 5.
253 1546 288 1567 a.
326 1529 422 1581 confi
442 1545 478 1578 p.
510 1531 627 1566 Goth.
654 1532 752 1570 Jens.
786 1545 871 1565 cum
909 1531 994 1566 edd.
1025 1543 1110 1567 ante
1140 1532 1250 1569 Bafil.
1311 1533 1472 1581 Reliqui

116 1603 155 1639 p.
179 1602 214 1624 a.
237 1601 267 1623 c.
433 1586 801 1636 sermonemfinxiffe
825 1588 874 1623 G.
938 1587 1000 1622 Sic
1019 1589 1150 1624 Turio.
1174 1589 1277 1624 Flor.
1325 1588 1359 1637 s.
1380 1603 1416 1637 g.
1437 1589 1471 1638 f.

118 1644 237 1682 Goth.
269 1643 401 1694 Camp.
432 1643 520 1679 Ald.
546 1645 640 1681 End.
689 1643 885 1694 fluxiffes.
908 1659 946 1692 g.
974 1644 1100 1680 Guelf.
1133 1644 1254 1694 ipses.
1279 1648 1420 1694 graecis
1433 1646 1469 1694 f.

117 1702 290 1739 videatur
311 1701 409 1739 Jens.
432 1714 518 1736 cum
542 1701 626 1737 edd.
647 1700 831 1736 anteAld.
855 1701 961 1748 quod
981 1712 1083 1735 recte
1103 1702 1470 1749 improbatssadius‚

118 1758 190 1811 qui
208 1767 246 1793 et
266 1755 333 1809 ipfi
350 1769 431 1793 non
451 1756 551 1792 male
571 1754 686 1794 scribi
703 1757 808 1806 poss'e
831 1768 977 1793 monet.
1038 1757 1280 1806 Singularem
1301 1759 1474 1802 videatur

119 1825 160 1850 et
178 1813 309 1849 Turio.
330 1811 382 1858 (a
403 1814 470 1849 sec.
494 1814 578 1860 m.)
601 1825 637 1849 et
661 1813 779 1850 Goth.
980 1814 1025 1848 de
1048 1814 1128 1849 Per.
1144 1834 1193 1841 —-
1211 1812 1468 1862 testimonium.

120 1868 248 1906 Guelf.
283 1870 329 1904 de
358 1872 475 1905 veteri
492 1871 621 1918 pericle
642 1881 668 1907 t.
682 1898 692 1911 ,
723 1871 818 1906 item
841 1871 1054 1906 comoediae
1076 1871 1279 1906 omittente
1302 1871 1407 1907 Voff.
1436 1886 1470 1908 1.

118 1926 248 1974 per-ide
285 1937 414 1962 autem
450 1926 563 1961 dante
587 1927 691 1965 Voff.
726 1936 764 1971 5.
1001 1926 1127 1963 labris.
1197 1928 1332 1963 Turic-
1364 1926 1468 1964 Flor.

119 1981 212 2029 (hic
241 1995 259 2016 a
290 1995 348 2030 pr.
379 1984 461 2026 m.)
490 1983 677 2019 laboribus
708 1997 796 2020 cum
825 1982 928 2021 Alm.
966 1984 999 2018 E
1025 1983 1127 2023 Vols.
1155 1993 1191 2019 2.
1219 1984 1385 2023 laboris;
1412 1981 1472 2019 nil

118 2036 194 2074 tale
224 2037 343 2074 Goth.
376 2039 454 2085 (cf.
477 2043 512 2087 §.
534 2046 598 2087 74.
621 2041 664 2076 it.
690 2041 785 2086 86.)

207 2122 274 2160 85.
300 2116 538 2164 elegantiam.
571 2119 703 2155 Turio.
717 2118 822 2156 Flor.
843 2119 1076 2168 degentium.
1109 2117 1181 2154 Ille
1202 2131 1222 2152 a
1240 2117 1309 2153 sec.
1328 2131 1380 2152 m.
1403 2118 1474 2153 ele·

120 2173 313 2220 gantiam.
342 2171 410 2207 hic
429 2174 613 2210 nostrum.
839 2176 933 2225 eloq.
949 2174 1155 2225 suavitate.
1215 2174 1348 2210 Tui-ic.
1368 2172 1475 2210 Flor.

122 2324 369 2363 comparatur
390 2314 512 2352 Plato.
556 2317 666 2353 Adde
690 2319 771 2355 Cic.
829 2317 969 2363 Δήμοις
981 2317 1196 2354 comoedia.
1220 2319 1278 2354 Cf.
1291 2317 1388 2353 Plin.
1402 2319 1474 2368 Ep.

119 2370 242 2419 Legg.
286 2382 332 2412 2,
365 2382 401 2416 7.
463 2372 510 2408 de
541 2372 609 2409 Or.
647 2384 699 2418 5,
735 2385 790 2419 ιι.>
836 2388 879 2415 ι,
902 2385 965 2410 20.
998 2374 1135 2422 ibique
1158 2375 1267 2410 (ἰείη.
1312 2375 1414 2412 Vide
1438 2386 1476 2410 et

120 2426 244 2465 Valde
264 2426 398 2464 fimilis
421 2429 625 2466 sententiae
648 2430 771 2480 figura
829 2444 901 2467 nos
921 2431 967 2465 ad
991 2431 1064 2477 Qu.
1087 2441 1121 2470 2,
1147 2431 1207 2471 16,
1235 2442 1294 2478 ¹9·
1317 2429 1387 2467 ubi
1404 2444 1475 2480 po-

121 2481 170 2518 do
201 2483 320 2532 Legg.
355 2494 397 2525 1',
431 2495 497 2521 22.
537 2489 772 2537 „praecepti
829 2488 938 2522 nitur
958 2486 1069 2522 locus
1091 2486 1404 2536 Aristophaneus,
1429 2487 1475 2522 ad

121 2549 253 2580 „tanta
286 2540 347 2576 vis
367 2560 424 2568 -—
444 2552 489 2577 ut
520 2556 560 2578 ea
594 2557 673 2579 non
699 2545 770 2580 ho-
831 2556 945 2591 quem
987 2543 1087 2591 ipsos
1123 2542 1239 2579 hosce
1265 2542 1476 2591 Eupolidis

119 2595 250 2636 „mini
272 2591 460 2645 cuipieim‚
490 2599 552 2634 sed
574 2600 769 2650 Delphico
827 2601 958 2635 versus
982 2599 1131 2647 profert
1152 2599 1380 2635 scholiastes.
1413 2600 1478 2636 Ci-

121 2651 222 2692 „deo
252 2652 530 2689 tribueretur.“
829 2656 963 2690 ceroni
1024 2666 1380 2692 commemorantur
1434 2656 1477 2692 in

152 2733 156 2741 .
178 2713 245 2752 8²·
273 2717 344 2745 vet.
359 2712 523 2746 comoed.
538 2710 667 2761 testim.
693 2714 772 2749 Lo·
828 2713 955 2747 Bruto
979 2724 1011 2746 c.
1034 2722 1070 2759 9.
1099 2717 1163 2755 15.

122 2774 189 2799 cus
208 2763 259 2802 est
278 2764 496 2807 notiffimiis
507 2769 717 2818 Eupolidis
730 2769 773 2804 in
1059 2791 1061 2793 ·
1141 2792 1144 2796 ·

928 2826 962 2860 E
992 2834 1015 2860 2
