<?xml version="1.0" encoding="UTF-8"?>
<!DOCTYPE html PUBLIC "-//W3C//DTD XHTML 1.0 Transitional//EN"
    "http://www.w3.org/TR/xhtml1/DTD/xhtml1-transitional.dtd">
<html xmlns="http://www.w3.org/1999/xhtml" xml:lang="en" lang="en">
 <head>
  <title>
</title>
<meta http-equiv="Content-Type" content="text/html;charset=utf-8" />
  <meta name='ocr-system' content='tesseract 3.04.00' />
  <meta name='ocr-capabilities' content='ocr_page ocr_carea ocr_par ocr_line ocrx_word'/>
</head>
<body>
  <div class='ocr_page' id='page_1' title='image "./lexiconquintilia04bonnuoft_0484.png"; bbox 0 0 1676 3028; ppageno 0'>
   <div class='ocr_carea' id='block_1_1' title="bbox 298 291 1295 350">
    <p class='ocr_par' dir='ltr' id='par_1_1' title="bbox 298 291 1295 350">
     <span class='ocr_line' id='line_1_1' title="bbox 298 291 1295 350; baseline 0.002 -15"><span class='ocrx_word' id='word_1_1' title='bbox 298 300 396 348; x_wconf 77' lang='lat'>454</span> <span class='ocrx_word' id='word_1_2' title='bbox 610 291 682 336; x_wconf 88' lang='grc' dir='ltr'>Μ.</span> <span class='ocrx_word' id='word_1_3' title='bbox 719 291 851 336; x_wconf 81' lang='lat' dir='ltr'><strong>FAB.</strong></span> <span class='ocrx_word' id='word_1_4' title='bbox 890 291 1295 350; x_wconf 74' lang='lat' dir='ltr'><strong>QUINTILIANI</strong></span> 
     </span>
    </p>
   </div>
   <div class='ocr_carea' id='block_1_2' title="bbox 223 412 1676 1080">
    <p class='ocr_par' dir='ltr' id='par_1_2' title="bbox 223 412 1676 1080">
     <span class='ocr_line' id='line_1_2' title="bbox 298 412 1608 478; baseline 0 -16"><span class='ocrx_word' id='word_1_5' title='bbox 298 413 503 463; x_wconf 85' lang='lat' dir='ltr'>modus.</span> <span class='ocrx_word' id='word_1_6' title='bbox 579 414 661 462; x_wconf 84' lang='lat' dir='ltr'>De</span> <span class='ocrx_word' id='word_1_7' title='bbox 675 413 905 478; x_wconf 82' lang='lat' dir='ltr'>partibus</span> <span class='ocrx_word' id='word_1_8' title='bbox 929 412 1116 470; x_wconf 77' lang='lat' dir='ltr'>causae,</span> <span class='ocrx_word' id='word_1_9' title='bbox 1137 424 1186 461; x_wconf 87' lang='lat' dir='ltr'>et</span> <span class='ocrx_word' id='word_1_10' title='bbox 1209 413 1469 464; x_wconf 81' lang='lat' dir='ltr'>sententiis</span> <span class='ocrx_word' id='word_1_11' title='bbox 1490 430 1608 464; x_wconf 82' lang='lat' dir='ltr'>ver-</span> 
     </span>
     <span class='ocr_line' id='line_1_3' title="bbox 297 487 1607 554; baseline -0.001 -17"><span class='ocrx_word' id='word_1_12' title='bbox 297 490 507 552; x_wconf 72' lang='lat' dir='ltr'>bisque,</span> <span class='ocrx_word' id='word_1_13' title='bbox 558 505 689 551; x_wconf 86' lang='lat' dir='ltr'>quae</span> <span class='ocrx_word' id='word_1_14' title='bbox 725 487 843 536; x_wconf 83' lang='lat' dir='ltr'>sunt</span> <span class='ocrx_word' id='word_1_15' title='bbox 873 490 1211 554; x_wconf 73' lang='lat' dir='ltr'>multiplicia,</span> <span class='ocrx_word' id='word_1_16' title='bbox 1253 490 1491 553; x_wconf 83' lang='lat' dir='ltr'>pluribus</span> <span class='ocrx_word' id='word_1_17' title='bbox 1526 489 1607 537; x_wconf 89' lang='lat' dir='ltr'>di-</span> 
     </span>
     <span class='ocr_line' id='line_1_4' title="bbox 223 563 1605 630; baseline 0.002 -22"><span class='ocrx_word' id='word_1_18' title='bbox 223 564 540 622; x_wconf 76' lang='lat' dir='ltr'>154cendu1n.</span> <span class='ocrx_word' id='word_1_19' title='bbox 581 565 703 611; x_wconf 80' lang='lat' dir='ltr'>Tria</span> <span class='ocrx_word' id='word_1_20' title='bbox 728 574 899 612; x_wconf 86' lang='lat' dir='ltr'>autem</span> <span class='ocrx_word' id='word_1_21' title='bbox 924 563 1349 628; x_wconf 81' lang='lat' dir='ltr'>praestaredebet</span> <span class='ocrx_word' id='word_1_22' title='bbox 1368 578 1605 630; x_wconf 75' lang='lat' dir='ltr'>‘pronun-</span> 
     </span>
     <span class='ocr_line' id='line_1_5' title="bbox 299 635 1603 709; baseline 0 -22"><span class='ocrx_word' id='word_1_23' title='bbox 299 640 478 687; x_wconf 85' lang='lat' dir='ltr'>ciatio:</span> <span class='ocrx_word' id='word_1_24' title='bbox 517 639 752 694; x_wconf 77' lang='lat' dir='ltr'><em>conciliet,</em></span> <span class='ocrx_word' id='word_1_25' title='bbox 788 635 1113 709; x_wconf 58' lang='lat' dir='ltr'>perjfiladeat,</span> <span class='ocrx_word' id='word_1_26' title='bbox 1142 650 1370 688; x_wconf 80' lang='lat' dir='ltr'>moveat:</span> <span class='ocrx_word' id='word_1_27' title='bbox 1409 639 1603 702; x_wconf 86' lang='lat' dir='ltr'>quibus</span> 
     </span>
     <span class='ocr_line' id='line_1_6' title="bbox 297 713 1605 780; baseline -0.002 -17"><span class='ocrx_word' id='word_1_28' title='bbox 297 723 482 763; x_wconf 83' lang='lat' dir='ltr'>natura</span> <span class='ocrx_word' id='word_1_29' title='bbox 522 714 782 769; x_wconf 82' lang='lat' dir='ltr'><strong>cohaeret,</strong></span> <span class='ocrx_word' id='word_1_30' title='bbox 823 716 978 761; x_wconf 76' lang='lat' dir='ltr'>etiam</span> <span class='ocrx_word' id='word_1_31' title='bbox 1017 714 1237 769; x_wconf 66' lang='lat' dir='ltr'>delectet.</span> <span class='ocrx_word' id='word_1_32' title='bbox 1315 713 1605 780; x_wconf 52' lang='lat' dir='ltr'>Conciliario</span> 
     </span>
     <span class='ocr_line' id='line_1_7' title="bbox 296 786 1606 853; baseline -0.002 -17"><span class='ocrx_word' id='word_1_33' title='bbox 296 787 406 836; x_wconf 79' lang='lat' dir='ltr'>fere</span> <span class='ocrx_word' id='word_1_34' title='bbox 441 799 527 836; x_wconf 83' lang='lat' dir='ltr'>aut</span> <span class='ocrx_word' id='word_1_35' title='bbox 561 789 1009 837; x_wconf 84' lang='lat' dir='ltr'>commendatione</span> <span class='ocrx_word' id='word_1_36' title='bbox 1038 806 1272 846; x_wconf 81' lang='lat' dir='ltr'>morum,</span> <span class='ocrx_word' id='word_1_37' title='bbox 1311 790 1405 853; x_wconf 90' lang='lat' dir='ltr'>qui</span> <span class='ocrx_word' id='word_1_38' title='bbox 1434 786 1606 836; x_wconf 85' lang='lat' dir='ltr'>nescio</span> 
     </span>
     <span class='ocr_line' id='line_1_8' title="bbox 296 863 1606 928; baseline -0.001 -17"><span class='ocrx_word' id='word_1_39' title='bbox 296 863 568 927; x_wconf 87' lang='lat' dir='ltr'>quomodo</span> <span class='ocrx_word' id='word_1_40' title='bbox 605 880 667 910; x_wconf 88' lang='lat' dir='ltr'>ex</span> <span class='ocrx_word' id='word_1_41' title='bbox 695 881 825 911; x_wconf 88' lang='lat' dir='ltr'>voce</span> <span class='ocrx_word' id='word_1_42' title='bbox 861 865 1012 912; x_wconf 86' lang='lat' dir='ltr'>etiam</span> <span class='ocrx_word' id='word_1_43' title='bbox 1042 875 1194 928; x_wconf 83' lang='lat' dir='ltr'>atque</span> <span class='ocrx_word' id='word_1_44' title='bbox 1216 865 1415 913; x_wconf 88' lang='lat' dir='ltr'>actione</span> <span class='ocrx_word' id='word_1_45' title='bbox 1438 864 1606 928; x_wconf 83' lang='lat' dir='ltr'>pellu-</span> 
     </span>
     <span class='ocr_line' id='line_1_9' title="bbox 297 928 1606 1009; baseline 0 -24"><span class='ocrx_word' id='word_1_46' title='bbox 297 949 439 994; x_wconf 86' lang='lat' dir='ltr'>cent‚</span> <span class='ocrx_word' id='word_1_47' title='bbox 476 949 564 986; x_wconf 86' lang='lat' dir='ltr'>aut</span> <span class='ocrx_word' id='word_1_48' title='bbox 584 939 830 987; x_wconf 81' lang='lat' dir='ltr'>orationis</span> <span class='ocrx_word' id='word_1_49' title='bbox 857 938 1102 988; x_wconf 81' lang='lat' dir='ltr'>suavitate</span> <span class='ocrx_word' id='word_1_50' title='bbox 1127 938 1346 988; x_wconf 80' lang='lat' dir='ltr'>constat:</span> <span class='ocrx_word' id='word_1_51' title='bbox 1392 928 1606 1009; x_wconf 62' lang='lat' dir='ltr'>persua·-</span> 
     </span>
     <span class='ocr_line' id='line_1_10' title="bbox 294 1009 1676 1080; baseline -0.001 -20"><span class='ocrx_word' id='word_1_52' title='bbox 294 1014 445 1061; x_wconf 82' lang='lat' dir='ltr'>dendi</span> <span class='ocrx_word' id='word_1_53' title='bbox 467 1015 546 1062; x_wconf 82' lang='lat' dir='ltr'>vis</span> <span class='ocrx_word' id='word_1_54' title='bbox 567 1010 923 1072; x_wconf 76' lang='lat' dir='ltr'>affirmatione,</span> <span class='ocrx_word' id='word_1_55' title='bbox 953 1031 1085 1079; x_wconf 86' lang='lat' dir='ltr'>quae</span> <span class='ocrx_word' id='word_1_56' title='bbox 1107 1015 1317 1063; x_wconf 85' lang='lat' dir='ltr'>interim</span> <span class='ocrx_word' id='word_1_57' title='bbox 1340 1015 1460 1080; x_wconf 81' lang='lat' dir='ltr'>plus</span> <span class='ocrx_word' id='word_1_58' title='bbox 1481 1009 1676 1078; x_wconf 56' lang='lat' dir='ltr'>ipfiswffl</span> 
     </span>
    </p>
   </div>
   <div class='ocr_carea' id='block_1_3' title="bbox 292 1172 1608 1378">
    <p class='ocr_par' dir='ltr' id='par_1_3' title="bbox 292 1172 1608 1378">
     <span class='ocr_line' id='line_1_11' title="bbox 292 1172 1602 1225; baseline -0.004 -13"><span class='ocrx_word' id='word_1_59' title='bbox 292 1177 385 1212; x_wconf 83' lang='lat' dir='ltr'>Exc.</span> <span class='ocrx_word' id='word_1_60' title='bbox 407 1177 555 1213; x_wconf 76' lang='lat' dir='ltr'>Samen.</span> <span class='ocrx_word' id='word_1_61' title='bbox 581 1177 710 1225; x_wconf 85' lang='lat' dir='ltr'><strong>Camp.</strong></span> <span class='ocrx_word' id='word_1_62' title='bbox 734 1177 848 1213; x_wconf 85' lang='lat' dir='ltr'>Goth.</span> <span class='ocrx_word' id='word_1_63' title='bbox 873 1177 969 1214; x_wconf 87' lang='lat' dir='ltr'>Jens.</span> <span class='ocrx_word' id='word_1_64' title='bbox 1002 1176 1090 1220; x_wconf 81' lang='lat' dir='ltr'>(tac.</span> <span class='ocrx_word' id='word_1_65' title='bbox 1114 1178 1240 1222; x_wconf 82' lang='lat' dir='ltr'>Gefn.)</span> <span class='ocrx_word' id='word_1_66' title='bbox 1273 1190 1359 1212; x_wconf 89' lang='lat' dir='ltr'>cum</span> <span class='ocrx_word' id='word_1_67' title='bbox 1379 1174 1478 1211; x_wconf 82' lang='lat' dir='ltr'>Alm.</span> <span class='ocrx_word' id='word_1_68' title='bbox 1498 1172 1602 1212; x_wconf 87' lang='lat' dir='ltr'>Voss&#39;.</span> 
     </span>
     <span class='ocr_line' id='line_1_12' title="bbox 296 1230 1604 1274; baseline -0.002 -10"><span class='ocrx_word' id='word_1_69' title='bbox 296 1243 332 1265; x_wconf 78' lang='grc' dir='ltr'>ι.</span> <span class='ocrx_word' id='word_1_70' title='bbox 357 1241 392 1266; x_wconf 87' lang='lat'>2.</span> <span class='ocrx_word' id='word_1_71' title='bbox 416 1240 452 1274; x_wconf 79' lang='lat'>3.</span> <span class='ocrx_word' id='word_1_72' title='bbox 483 1242 518 1266; x_wconf 88' lang='lat' dir='ltr'>et</span> <span class='ocrx_word' id='word_1_73' title='bbox 546 1233 629 1267; x_wconf 86' lang='lat' dir='ltr'>edd.</span> <span class='ocrx_word' id='word_1_74' title='bbox 659 1243 742 1267; x_wconf 85' lang='lat' dir='ltr'>ante</span> <span class='ocrx_word' id='word_1_75' title='bbox 776 1232 860 1267; x_wconf 78' lang='lat' dir='ltr'>Ald.</span> <span class='ocrx_word' id='word_1_76' title='bbox 892 1232 964 1266; x_wconf 86' lang='lat' dir='ltr'>Sed</span> <span class='ocrx_word' id='word_1_77' title='bbox 991 1231 1090 1270; x_wconf 84' lang='lat' dir='ltr'>Vall.</span> <span class='ocrx_word' id='word_1_78' title='bbox 1113 1234 1242 1267; x_wconf 69' lang='lat' dir='ltr'>‘rerum</span> <span class='ocrx_word' id='word_1_79' title='bbox 1263 1233 1349 1266; x_wconf 74' lang='lat' dir='ltr'>dare</span> <span class='ocrx_word' id='word_1_80' title='bbox 1372 1230 1519 1266; x_wconf 80' lang='lat' dir='ltr'>testatur</span> <span class='ocrx_word' id='word_1_81' title='bbox 1536 1230 1604 1263; x_wconf 82' lang='lat' dir='ltr'>Ba-</span> 
     </span>
     <span class='ocr_line' id='line_1_13' title="bbox 294 1284 1608 1339; baseline -0.001 -20"><span class='ocrx_word' id='word_1_82' title='bbox 294 1286 491 1333; x_wconf 73' lang='lat' dir='ltr'>djus‚&#39;per</span> <span class='ocrx_word' id='word_1_83' title='bbox 519 1299 718 1339; x_wconf 78' lang='lat' dir='ltr'>operarum</span> <span class='ocrx_word' id='word_1_84' title='bbox 749 1287 906 1327; x_wconf 85' lang='lat' dir='ltr'>vitium,</span> <span class='ocrx_word' id='word_1_85' title='bbox 942 1297 983 1322; x_wconf 89' lang='lat' dir='ltr'>ut</span> <span class='ocrx_word' id='word_1_86' title='bbox 1012 1287 1163 1336; x_wconf 82' lang='lat' dir='ltr'>opinor,</span> <span class='ocrx_word' id='word_1_87' title='bbox 1194 1299 1282 1322; x_wconf 86' lang='lat' dir='ltr'>cum</span> <span class='ocrx_word' id='word_1_88' title='bbox 1309 1285 1427 1322; x_wconf 79' lang='lat' dir='ltr'>vellet</span> <span class='ocrx_word' id='word_1_89' title='bbox 1446 1284 1608 1319; x_wconf 70' lang='lat' dir='ltr'>scribere</span> 
     </span>
     <span class='ocr_line' id='line_1_14' title="bbox 293 1353 449 1378; baseline 0.013 -2"><span class='ocrx_word' id='word_1_90' title='bbox 293 1353 449 1378; x_wconf 82' lang='lat' dir='ltr'>reorum.</span> 
     </span>
    </p>
   </div>
   <div class='ocr_carea' id='block_1_4' title="bbox 287 1404 1676 2060">
    <p class='ocr_par' dir='ltr' id='par_1_4' title="bbox 287 1404 1676 2060">
     <span class='ocr_line' id='line_1_15' title="bbox 384 1404 1676 1456; baseline -0.002 -15"><span class='ocrx_word' id='word_1_91' title='bbox 384 1414 471 1450; x_wconf 70' lang='lat'>154.</span> <span class='ocrx_word' id='word_1_92' title='bbox 503 1407 681 1449; x_wconf 80' lang='lat' dir='ltr'>cohaeret,</span> <span class='ocrx_word' id='word_1_93' title='bbox 712 1411 831 1444; x_wconf 75' lang='lat' dir='ltr'>etiam.</span> <span class='ocrx_word' id='word_1_94' title='bbox 864 1407 925 1441; x_wconf 85' lang='lat' dir='ltr'>Sic</span> <span class='ocrx_word' id='word_1_95' title='bbox 952 1408 1080 1443; x_wconf 71' lang='grc' dir='ltr'>Τιιτίο.</span> <span class='ocrx_word' id='word_1_96' title='bbox 1107 1407 1207 1444; x_wconf 82' lang='lat' dir='ltr'>Flor.</span> <span class='ocrx_word' id='word_1_97' title='bbox 1233 1408 1362 1456; x_wconf 80' lang='lat' dir='ltr'><strong>Camp.</strong></span> <span class='ocrx_word' id='word_1_98' title='bbox 1394 1419 1481 1442; x_wconf 91' lang='lat' dir='ltr'>cum</span> <span class='ocrx_word' id='word_1_99' title='bbox 1503 1404 1603 1440; x_wconf 79' lang='lat' dir='ltr'>Alm.</span> <span class='ocrx_word' id='word_1_100' title='bbox 1673 1419 1676 1426; x_wconf 66' lang='lat'><strong><em>⁴</em></strong></span> 
     </span>
     <span class='ocr_line' id='line_1_16' title="bbox 291 1461 1607 1508; baseline -0.002 -11"><span class='ocrx_word' id='word_1_101' title='bbox 291 1462 452 1508; x_wconf 80' lang='lat' dir='ltr'>Reliqui</span> <span class='ocrx_word' id='word_1_102' title='bbox 472 1463 639 1498; x_wconf 71' lang='lat' dir='ltr'>inserunt</span> <span class='ocrx_word' id='word_1_103' title='bbox 660 1472 709 1498; x_wconf 78' lang='lat' dir='ltr'>uc.</span> <span class='ocrx_word' id='word_1_104' title='bbox 743 1463 815 1498; x_wconf 85' lang='lat' dir='ltr'>Sed</span> <span class='ocrx_word' id='word_1_105' title='bbox 838 1463 1028 1497; x_wconf 74' lang='lat' dir='ltr'>cohaereat</span> <span class='ocrx_word' id='word_1_106' title='bbox 1047 1472 1086 1497; x_wconf 79' lang='lat' dir='ltr'>ut</span> <span class='ocrx_word' id='word_1_107' title='bbox 1105 1478 1134 1498; x_wconf 84' lang='lat' dir='ltr'>e.</span> <span class='ocrx_word' id='word_1_108' title='bbox 1158 1462 1287 1497; x_wconf 84' lang='lat' dir='ltr'>Ambr.</span> <span class='ocrx_word' id='word_1_109' title='bbox 1311 1473 1346 1498; x_wconf 63' lang='grc' dir='ltr'>Β.</span> <span class='ocrx_word' id='word_1_110' title='bbox 1372 1461 1497 1498; x_wconf 82' lang='lat' dir='ltr'>Guelf.</span> <span class='ocrx_word' id='word_1_111' title='bbox 1518 1473 1607 1495; x_wconf 86' lang='lat' dir='ltr'>cum</span> 
     </span>
     <span class='ocr_line' id='line_1_17' title="bbox 292 1515 1606 1562; baseline 0 -12"><span class='ocrx_word' id='word_1_112' title='bbox 292 1518 390 1555; x_wconf 81' lang='lat' dir='ltr'>Jens.</span> <span class='ocrx_word' id='word_1_113' title='bbox 420 1517 531 1551; x_wconf 79' lang='lat' dir='ltr'>Tarv.</span> <span class='ocrx_word' id='word_1_114' title='bbox 558 1531 599 1551; x_wconf 87' lang='lat' dir='ltr'>ac</span> <span class='ocrx_word' id='word_1_115' title='bbox 628 1520 772 1552; x_wconf 74' lang='lat' dir='ltr'>actione</span> <span class='ocrx_word' id='word_1_116' title='bbox 798 1517 913 1552; x_wconf 85' lang='lat' dir='ltr'>Goth.</span> <span class='ocrx_word' id='word_1_117' title='bbox 939 1519 1026 1562; x_wconf 79' lang='lat' dir='ltr'>(tac.</span> <span class='ocrx_word' id='word_1_118' title='bbox 1047 1519 1172 1561; x_wconf 80' lang='lat' dir='ltr'>Gesn.)</span> <span class='ocrx_word' id='word_1_119' title='bbox 1204 1517 1250 1551; x_wconf 83' lang='lat' dir='ltr'>cf.</span> <span class='ocrx_word' id='word_1_120' title='bbox 1292 1530 1335 1550; x_wconf 81' lang='grc' dir='ltr'>ιι</span> <span class='ocrx_word' id='word_1_121' title='bbox 1353 1543 1363 1558; x_wconf 86' lang='grc'><strong><em>,</em></strong></span> <span class='ocrx_word' id='word_1_122' title='bbox 1394 1526 1442 1556; x_wconf 86' lang='lat'>2,</span> <span class='ocrx_word' id='word_1_123' title='bbox 1475 1522 1536 1556; x_wconf 74' lang='lat'>4¹·</span> <span class='ocrx_word' id='word_1_124' title='bbox 1568 1515 1606 1555; x_wconf 87' lang='lat'>6,</span> 
     </span>
     <span class='ocr_line' id='line_1_18' title="bbox 294 1569 1607 1618; baseline -0.001 -14"><span class='ocrx_word' id='word_1_125' title='bbox 294 1579 331 1611; x_wconf 85' lang='lat'>2,</span> <span class='ocrx_word' id='word_1_126' title='bbox 362 1580 398 1613; x_wconf 93' lang='lat'>7.</span> <span class='ocrx_word' id='word_1_127' title='bbox 426 1571 609 1618; x_wconf 80' lang='lat' dir='ltr'>perlucent</span> <span class='ocrx_word' id='word_1_128' title='bbox 639 1572 738 1607; x_wconf 79' lang='lat' dir='ltr'>Flor.</span> <span class='ocrx_word' id='word_1_129' title='bbox 771 1572 903 1606; x_wconf 83' lang='lat' dir='ltr'>Ambr.</span> <span class='ocrx_word' id='word_1_130' title='bbox 932 1581 967 1604; x_wconf 88' lang='lat'>2.</span> <span class='ocrx_word' id='word_1_131' title='bbox 1000 1572 1124 1607; x_wconf 81' lang='lat' dir='ltr'>Guelf.</span> <span class='ocrx_word' id='word_1_132' title='bbox 1157 1574 1287 1618; x_wconf 82' lang='lat' dir='ltr'>Camp.</span> <span class='ocrx_word' id='word_1_133' title='bbox 1315 1584 1402 1606; x_wconf 86' lang='lat' dir='ltr'>cum</span> <span class='ocrx_word' id='word_1_134' title='bbox 1432 1569 1547 1605; x_wconf 82' lang='lat' dir='ltr'><strong>Goth.</strong></span> <span class='ocrx_word' id='word_1_135' title='bbox 1569 1579 1607 1604; x_wconf 88' lang='lat' dir='ltr'>et</span> 
     </span>
     <span class='ocr_line' id='line_1_19' title="bbox 293 1625 1606 1669; baseline -0.002 -9"><span class='ocrx_word' id='word_1_136' title='bbox 293 1625 380 1660; x_wconf 80' lang='lat' dir='ltr'>edd.</span> <span class='ocrx_word' id='word_1_137' title='bbox 413 1636 496 1660; x_wconf 85' lang='lat' dir='ltr'>ante</span> <span class='ocrx_word' id='word_1_138' title='bbox 521 1626 631 1662; x_wconf 78' lang='lat' dir='ltr'>Leid.</span> <span class='ocrx_word' id='word_1_139' title='bbox 663 1639 744 1662; x_wconf 84' lang='lat' dir='ltr'>exc.</span> <span class='ocrx_word' id='word_1_140' title='bbox 774 1625 882 1661; x_wconf 77' lang='lat' dir='ltr'>Basil.</span> <span class='ocrx_word' id='word_1_141' title='bbox 917 1626 962 1661; x_wconf 84' lang='lat' dir='ltr'>cf.</span> <span class='ocrx_word' id='word_1_142' title='bbox 988 1627 1023 1666; x_wconf 83' lang='lat'>6,</span> <span class='ocrx_word' id='word_1_143' title='bbox 1049 1638 1084 1666; x_wconf 85' lang='lat'>2,</span> <span class='ocrx_word' id='word_1_144' title='bbox 1120 1636 1178 1669; x_wconf 67' lang='grc' dir='ltr'>ιδ.</span> <span class='ocrx_word' id='word_1_145' title='bbox 1203 1626 1282 1666; x_wconf 85' lang='lat' dir='ltr'>ubi,</span> <span class='ocrx_word' id='word_1_146' title='bbox 1307 1637 1349 1662; x_wconf 93' lang='lat' dir='ltr'>ut</span> <span class='ocrx_word' id='word_1_147' title='bbox 1370 1627 1435 1661; x_wconf 82' lang='lat' dir='ltr'>hic</span> <span class='ocrx_word' id='word_1_148' title='bbox 1460 1625 1606 1663; x_wconf 78' lang='lat' dir='ltr'>Turio..</span> 
     </span>
     <span class='ocr_line' id='line_1_20' title="bbox 291 1675 1607 1728; baseline -0.003 -12"><span class='ocrx_word' id='word_1_149' title='bbox 291 1680 347 1716; x_wconf 79' lang='lat' dir='ltr'>ita</span> <span class='ocrx_word' id='word_1_150' title='bbox 378 1679 539 1715; x_wconf 84' lang='lat' dir='ltr'>viciffim</span> <span class='ocrx_word' id='word_1_151' title='bbox 563 1681 664 1716; x_wconf 83' lang='lat' dir='ltr'>Flor.</span> <span class='ocrx_word' id='word_1_152' title='bbox 698 1695 783 1716; x_wconf 88' lang='lat' dir='ltr'>cum</span> <span class='ocrx_word' id='word_1_153' title='bbox 810 1691 959 1728; x_wconf 78' lang='lat' dir='ltr'>recepta</span> <span class='ocrx_word' id='word_1_154' title='bbox 987 1682 1087 1716; x_wconf 80' lang='lat' dir='ltr'>facit.</span> <span class='ocrx_word' id='word_1_155' title='bbox 1113 1675 1155 1723; x_wconf 67' lang='lat'>⁰7,</span> <span class='ocrx_word' id='word_1_156' title='bbox 1187 1693 1246 1720; x_wconf 81' lang='grc' dir='ltr'>ιο,</span> <span class='ocrx_word' id='word_1_157' title='bbox 1275 1682 1333 1716; x_wconf 86' lang='grc' dir='ltr'>ι6.</span> <span class='ocrx_word' id='word_1_158' title='bbox 1363 1692 1494 1716; x_wconf 77' lang='lat' dir='ltr'>omnes</span> <span class='ocrx_word' id='word_1_159' title='bbox 1517 1692 1607 1713; x_wconf 86' lang='lat' dir='ltr'>con-</span> 
     </span>
     <span class='ocr_line' id='line_1_21' title="bbox 289 1733 1607 1783; baseline -0.003 -12"><span class='ocrx_word' id='word_1_160' title='bbox 289 1735 468 1771; x_wconf 78' lang='lat' dir='ltr'>sentiunt.</span> <span class='ocrx_word' id='word_1_161' title='bbox 510 1735 600 1770; x_wconf 85' lang='lat' dir='ltr'>vide</span> <span class='ocrx_word' id='word_1_162' title='bbox 622 1747 658 1771; x_wconf 85' lang='lat' dir='ltr'>et</span> <span class='ocrx_word' id='word_1_163' title='bbox 681 1742 718 1779; x_wconf 85' lang='lat'>8,</span> <span class='ocrx_word' id='word_1_164' title='bbox 741 1746 775 1779; x_wconf 81' lang='lat'>3,</span> <span class='ocrx_word' id='word_1_165' title='bbox 802 1743 863 1777; x_wconf 82' lang='lat'>25.</span> <span class='ocrx_word' id='word_1_166' title='bbox 894 1735 970 1770; x_wconf 82' lang='lat' dir='ltr'>Hic</span> <span class='ocrx_word' id='word_1_167' title='bbox 994 1736 1088 1771; x_wconf 80' lang='lat' dir='ltr'>Obr.</span> <span class='ocrx_word' id='word_1_168' title='bbox 1114 1736 1310 1783; x_wconf 75' lang='lat' dir='ltr'>prolucent,</span> <span class='ocrx_word' id='word_1_169' title='bbox 1340 1735 1462 1770; x_wconf 73' lang='lat' dir='ltr'>forma</span> <span class='ocrx_word' id='word_1_170' title='bbox 1491 1733 1607 1781; x_wconf 81' lang='lat' dir='ltr'>quam</span> 
     </span>
     <span class='ocr_line' id='line_1_22' title="bbox 290 1789 1607 1832; baseline -0.002 -7"><span class='ocrx_word' id='word_1_171' title='bbox 290 1802 371 1825; x_wconf 86' lang='lat' dir='ltr'>uno</span> <span class='ocrx_word' id='word_1_172' title='bbox 395 1791 554 1824; x_wconf 79' lang='lat' dir='ltr'>Senecae</span> <span class='ocrx_word' id='word_1_173' title='bbox 577 1789 664 1826; x_wconf 88' lang='lat' dir='ltr'>loco</span> <span class='ocrx_word' id='word_1_174' title='bbox 688 1791 896 1827; x_wconf 86' lang='lat' dir='ltr'>defendunt</span> <span class='ocrx_word' id='word_1_175' title='bbox 919 1790 963 1824; x_wconf 87' lang='lat' dir='ltr'>de</span> <span class='ocrx_word' id='word_1_176' title='bbox 990 1791 1070 1825; x_wconf 76' lang='lat' dir='ltr'>vita</span> <span class='ocrx_word' id='word_1_177' title='bbox 1093 1791 1188 1825; x_wconf 86' lang='lat' dir='ltr'>beat.</span> <span class='ocrx_word' id='word_1_178' title='bbox 1223 1802 1254 1824; x_wconf 90' lang='lat' dir='ltr'>c.</span> <span class='ocrx_word' id='word_1_179' title='bbox 1287 1799 1350 1832; x_wconf 82' lang='lat'>32.</span> <span class='ocrx_word' id='word_1_180' title='bbox 1382 1790 1453 1826; x_wconf 86' lang='lat' dir='ltr'>ubi</span> <span class='ocrx_word' id='word_1_181' title='bbox 1482 1798 1607 1823; x_wconf 82' lang='lat' dir='ltr'>tamen</span> 
     </span>
     <span class='ocr_line' id='line_1_23' title="bbox 288 1844 1606 1892; baseline -0.002 -14"><span class='ocrx_word' id='word_1_182' title='bbox 288 1845 466 1892; x_wconf 81' lang='lat' dir='ltr'>produxit</span> <span class='ocrx_word' id='word_1_183' title='bbox 488 1844 666 1881; x_wconf 83' lang='lat' dir='ltr'>meliores</span> <span class='ocrx_word' id='word_1_184' title='bbox 690 1846 809 1881; x_wconf 85' lang='lat' dir='ltr'>codd.</span> <span class='ocrx_word' id='word_1_185' title='bbox 834 1845 920 1879; x_wconf 77' lang='lat' dir='ltr'>teste</span> <span class='ocrx_word' id='word_1_186' title='bbox 944 1845 1168 1880; x_wconf 83' lang='lat' dir='ltr'>Forcellino.</span> <span class='ocrx_word' id='word_1_187' title='bbox 1228 1847 1325 1880; x_wconf 82' lang='lat' dir='ltr'>Mox</span> <span class='ocrx_word' id='word_1_188' title='bbox 1346 1844 1606 1881; x_wconf 75' lang='lat' dir='ltr'>auctorationis</span> 
     </span>
     <span class='ocr_line' id='line_1_24' title="bbox 289 1897 1606 1949; baseline -0.001 -16"><span class='ocrx_word' id='word_1_189' title='bbox 289 1897 396 1934; x_wconf 82' lang='lat' dir='ltr'>Flor.</span> <span class='ocrx_word' id='word_1_190' title='bbox 427 1897 689 1947; x_wconf 76' lang='lat' dir='ltr'>affeveratione</span> <span class='ocrx_word' id='word_1_191' title='bbox 718 1913 789 1948; x_wconf 81' lang='lat' dir='ltr'>pro</span> <span class='ocrx_word' id='word_1_192' title='bbox 821 1899 956 1946; x_wconf 84' lang='lat' dir='ltr'>affirm.</span> <span class='ocrx_word' id='word_1_193' title='bbox 986 1899 1070 1935; x_wconf 84' lang='lat' dir='ltr'>Ald.</span> <span class='ocrx_word' id='word_1_194' title='bbox 1105 1913 1190 1935; x_wconf 89' lang='lat' dir='ltr'>cum</span> <span class='ocrx_word' id='word_1_195' title='bbox 1222 1900 1306 1935; x_wconf 86' lang='lat' dir='ltr'>edd.</span> <span class='ocrx_word' id='word_1_196' title='bbox 1337 1901 1490 1949; x_wconf 82' lang='lat' dir='ltr'>posterr.</span> <span class='ocrx_word' id='word_1_197' title='bbox 1522 1907 1606 1932; x_wconf 78' lang='lat' dir='ltr'>auto</span> 
     </span>
     <span class='ocr_line' id='line_1_25' title="bbox 287 1952 1607 2003; baseline -0.002 -13"><span class='ocrx_word' id='word_1_198' title='bbox 287 1954 423 1990; x_wconf 80' lang='lat' dir='ltr'>Burm.</span> <span class='ocrx_word' id='word_1_199' title='bbox 447 1954 493 1989; x_wconf 86' lang='lat' dir='ltr'>de</span> <span class='ocrx_word' id='word_1_200' title='bbox 515 1956 628 2002; x_wconf 83' lang='lat' dir='ltr'>Regii</span> <span class='ocrx_word' id='word_1_201' title='bbox 648 1967 789 2003; x_wconf 81' lang='lat' dir='ltr'>optato.</span> <span class='ocrx_word' id='word_1_202' title='bbox 850 1955 922 1990; x_wconf 88' lang='lat' dir='ltr'>Sed</span> <span class='ocrx_word' id='word_1_203' title='bbox 952 1955 1121 1990; x_wconf 83' lang='lat' dir='ltr'>nostrum</span> <span class='ocrx_word' id='word_1_204' title='bbox 1151 1966 1307 1990; x_wconf 84' lang='lat' dir='ltr'>tuentur</span> <span class='ocrx_word' id='word_1_205' title='bbox 1340 1956 1462 1994; x_wconf 72' lang='lat' dir='ltr'>MSS„</span> <span class='ocrx_word' id='word_1_206' title='bbox 1493 1952 1607 1988; x_wconf 80' lang='lat' dir='ltr'>etiam</span> 
     </span>
     <span class='ocr_line' id='line_1_26' title="bbox 293 2009 1420 2060; baseline 0.001 -16"><span class='ocrx_word' id='word_1_207' title='bbox 293 2009 373 2044; x_wconf 84' lang='lat' dir='ltr'>mei</span> <span class='ocrx_word' id='word_1_208' title='bbox 402 2021 552 2050; x_wconf 47' lang='lat' dir='ltr'>omnem</span> <span class='ocrx_word' id='word_1_209' title='bbox 581 2023 659 2060; x_wconf 84' lang='lat' dir='ltr'>quo</span> <span class='ocrx_word' id='word_1_210' title='bbox 683 2023 757 2046; x_wconf 83' lang='lat' dir='ltr'>acc.</span> <span class='ocrx_word' id='word_1_211' title='bbox 779 2011 871 2046; x_wconf 83' lang='lat' dir='ltr'>Exc.</span> <span class='ocrx_word' id='word_1_212' title='bbox 896 2012 1043 2046; x_wconf 84' lang='lat' dir='ltr'>Santen.</span> <span class='ocrx_word' id='word_1_213' title='bbox 1068 2010 1298 2060; x_wconf 83' lang='lat' dir='ltr'>probationis</span> <span class='ocrx_word' id='word_1_214' title='bbox 1318 2009 1420 2047; x_wconf 74' lang='lat' dir='ltr'>flor.</span> 
     </span>
    </p>
   </div>
   <div class='ocr_carea' id='block_1_5' title="bbox 293 2153 930 2803">
    <p class='ocr_par' dir='ltr' id='par_1_5' title="bbox 293 2153 930 2803">
     <span class='ocr_line' id='line_1_27' title="bbox 295 2153 925 2202; baseline 0.002 -15"><span class='ocrx_word' id='word_1_215' title='bbox 295 2154 462 2202; x_wconf 73' lang='lat' dir='ltr'>privatis,</span> <span class='ocrx_word' id='word_1_216' title='bbox 493 2153 539 2188; x_wconf 82' lang='lat' dir='ltr'>cf.</span> <span class='ocrx_word' id='word_1_217' title='bbox 571 2163 607 2197; x_wconf 82' lang='lat'>5,</span> <span class='ocrx_word' id='word_1_218' title='bbox 645 2166 705 2194; x_wconf 88' lang='lat'>10,</span> <span class='ocrx_word' id='word_1_219' title='bbox 744 2168 778 2189; x_wconf 83' lang='lat'>1.</span> <span class='ocrx_word' id='word_1_220' title='bbox 803 2164 840 2189; x_wconf 87' lang='lat' dir='ltr'>et</span> <span class='ocrx_word' id='word_1_221' title='bbox 862 2153 925 2188; x_wconf 88' lang='lat' dir='ltr'>hic</span> 
     </span>
     <span class='ocr_line' id='line_1_28' title="bbox 295 2207 925 2256; baseline -0.002 -13"><span class='ocrx_word' id='word_1_222' title='bbox 295 2207 329 2252; x_wconf 76' lang='lat'>§.</span> <span class='ocrx_word' id='word_1_223' title='bbox 358 2216 447 2251; x_wconf 78' lang='lat'><strong>150,</strong></span> <span class='ocrx_word' id='word_1_224' title='bbox 478 2209 514 2243; x_wconf 87' lang='lat' dir='ltr'>ei</span> <span class='ocrx_word' id='word_1_225' title='bbox 541 2209 661 2245; x_wconf 81' lang='lat' dir='ltr'>obstat</span> <span class='ocrx_word' id='word_1_226' title='bbox 683 2209 787 2256; x_wconf 85' lang='lat' dir='ltr'>quod</span> <span class='ocrx_word' id='word_1_227' title='bbox 807 2209 925 2243; x_wconf 87' lang='lat' dir='ltr'>modo</span> 
     </span>
     <span class='ocr_line' id='line_1_29' title="bbox 295 2262 927 2310; baseline -0.002 -12"><span class='ocrx_word' id='word_1_228' title='bbox 295 2262 360 2310; x_wconf 53' lang='grc' dir='ltr'>(ᾗ.</span> <span class='ocrx_word' id='word_1_229' title='bbox 384 2266 500 2307; x_wconf 71' lang='grc'>150.)</span> <span class='ocrx_word' id='word_1_230' title='bbox 535 2265 806 2300; x_wconf 80' lang='lat' dir='ltr'>continuantur</span> <span class='ocrx_word' id='word_1_231' title='bbox 835 2263 927 2298; x_wconf 83' lang='lat' dir='ltr'>haec</span> 
     </span>
     <span class='ocr_line' id='line_1_30' title="bbox 297 2318 926 2366; baseline -0.003 -12"><span class='ocrx_word' id='word_1_232' title='bbox 297 2318 400 2364; x_wconf 78' lang='lat' dir='ltr'>apud</span> <span class='ocrx_word' id='word_1_233' title='bbox 427 2319 604 2366; x_wconf 86' lang='lat' dir='ltr'>populum</span> <span class='ocrx_word' id='word_1_234' title='bbox 634 2330 671 2354; x_wconf 89' lang='lat' dir='ltr'>et</span> <span class='ocrx_word' id='word_1_235' title='bbox 696 2319 839 2366; x_wconf 77' lang='lat' dir='ltr'>publico</span> <span class='ocrx_word' id='word_1_236' title='bbox 868 2319 926 2362; x_wconf 77' lang='lat' dir='ltr'>ju-</span> 
     </span>
     <span class='ocr_line' id='line_1_31' title="bbox 297 2372 926 2421; baseline 0.002 -15"><span class='ocrx_word' id='word_1_237' title='bbox 297 2372 407 2407; x_wconf 80' lang='lat' dir='ltr'>dicio.</span> <span class='ocrx_word' id='word_1_238' title='bbox 465 2377 524 2407; x_wconf 84' lang='lat' dir='ltr'>An</span> <span class='ocrx_word' id='word_1_239' title='bbox 545 2375 666 2421; x_wconf 87' lang='lat' dir='ltr'>igitur</span> <span class='ocrx_word' id='word_1_240' title='bbox 687 2373 926 2408; x_wconf 77' lang='lat' dir='ltr'>declamatio·</span> 
     </span>
     <span class='ocr_line' id='line_1_32' title="bbox 296 2427 926 2475; baseline -0.002 -13"><span class='ocrx_word' id='word_1_241' title='bbox 296 2427 413 2462; x_wconf 75' lang='lat' dir='ltr'>nibus</span> <span class='ocrx_word' id='word_1_242' title='bbox 433 2427 510 2462; x_wconf 85' lang='lat' dir='ltr'>hoc</span> <span class='ocrx_word' id='word_1_243' title='bbox 529 2438 654 2463; x_wconf 86' lang='lat' dir='ltr'>totum</span> <span class='ocrx_word' id='word_1_244' title='bbox 667 2429 926 2475; x_wconf 77' lang='lat' dir='ltr'>affignandum</span> 
     </span>
     <span class='ocr_line' id='line_1_33' title="bbox 298 2482 928 2531; baseline 0.002 -16"><span class='ocrx_word' id='word_1_245' title='bbox 298 2482 385 2521; x_wconf 78' lang='lat' dir='ltr'>erit,</span> <span class='ocrx_word' id='word_1_246' title='bbox 415 2482 485 2517; x_wconf 86' lang='lat' dir='ltr'>ubi</span> <span class='ocrx_word' id='word_1_247' title='bbox 513 2483 638 2519; x_wconf 84' lang='lat' dir='ltr'>causae</span> <span class='ocrx_word' id='word_1_248' title='bbox 674 2484 774 2531; x_wconf 85' lang='lat' dir='ltr'>apud</span> <span class='ocrx_word' id='word_1_249' title='bbox 804 2495 928 2530; x_wconf 84' lang='lat' dir='ltr'>popu·</span> 
     </span>
     <span class='ocr_line' id='line_1_34' title="bbox 297 2534 927 2585; baseline 0.002 -16"><span class='ocrx_word' id='word_1_250' title='bbox 297 2534 382 2570; x_wconf 88' lang='lat' dir='ltr'>lum</span> <span class='ocrx_word' id='word_1_251' title='bbox 409 2546 510 2572; x_wconf 85' lang='lat' dir='ltr'>actae</span> <span class='ocrx_word' id='word_1_252' title='bbox 536 2537 760 2585; x_wconf 82' lang='lat' dir='ltr'>fingantur?</span> <span class='ocrx_word' id='word_1_253' title='bbox 809 2539 853 2572; x_wconf 88' lang='lat' dir='ltr'>In</span> <span class='ocrx_word' id='word_1_254' title='bbox 879 2537 927 2571; x_wconf 86' lang='lat' dir='ltr'>iis</span> 
     </span>
     <span class='ocr_line' id='line_1_35' title="bbox 299 2590 930 2636; baseline 0.002 -12"><span class='ocrx_word' id='word_1_255' title='bbox 299 2590 461 2636; x_wconf 78' lang='lat' dir='ltr'>dignitas</span> <span class='ocrx_word' id='word_1_256' title='bbox 482 2592 744 2632; x_wconf 80' lang='lat' dir='ltr'>custodienda,</span> <span class='ocrx_word' id='word_1_257' title='bbox 772 2605 819 2627; x_wconf 85' lang='lat' dir='ltr'>ne</span> <span class='ocrx_word' id='word_1_258' title='bbox 852 2590 930 2626; x_wconf 77' lang='lat' dir='ltr'>ulla</span> 
     </span>
     <span class='ocr_line' id='line_1_36' title="bbox 297 2644 923 2692; baseline -0.006 -9"><span class='ocrx_word' id='word_1_259' title='bbox 297 2644 511 2692; x_wconf 67' lang='grc' dir='ltr'>βωμολοχίᾳ</span> <span class='ocrx_word' id='word_1_260' title='bbox 607 2648 923 2684; x_wconf 80' lang='lat' dir='ltr'>contaminemur.</span> 
     </span>
     <span class='ocr_line' id='line_1_37' title="bbox 298 2699 926 2750; baseline 0.002 -17"><span class='ocrx_word' id='word_1_261' title='bbox 298 2699 444 2734; x_wconf 81' lang='lat' dir='ltr'>Modus</span> <span class='ocrx_word' id='word_1_262' title='bbox 489 2701 653 2750; x_wconf 85' lang='lat' dir='ltr'>denique</span> <span class='ocrx_word' id='word_1_263' title='bbox 692 2705 729 2737; x_wconf 81' lang='lat' dir='ltr'>in</span> <span class='ocrx_word' id='word_1_264' title='bbox 772 2701 926 2750; x_wconf 74' lang='lat' dir='ltr'>privatis</span> 
     </span>
     <span class='ocr_line' id='line_1_38' title="bbox 293 2752 925 2803; baseline 0.011 -15"><span class='ocrx_word' id='word_1_265' title='bbox 293 2752 403 2794; x_wconf 68' lang='lat' dir='ltr'>&#39;idem</span> <span class='ocrx_word' id='word_1_266' title='bbox 411 2754 469 2790; x_wconf 82' lang='lat' dir='ltr'>&#39;est</span> <span class='ocrx_word' id='word_1_267' title='bbox 477 2757 816 2803; x_wconf 73' lang='lat' dir='ltr'>pronunciationis,</span> <span class='ocrx_word' id='word_1_268' title='bbox 836 2767 925 2803; x_wconf 67' lang='lat' dir='ltr'>qua·</span> 
     </span>
    </p>
   </div>
   <div class='ocr_carea' id='block_1_6' title="bbox 981 2152 1609 2196">
    <p class='ocr_par' dir='ltr' id='par_1_6' title="bbox 981 2152 1609 2196">
     <span class='ocr_line' id='line_1_39' title="bbox 981 2152 1609 2196; baseline -0.008 -7"><span class='ocrx_word' id='word_1_269' title='bbox 981 2154 1029 2190; x_wconf 87' lang='lat' dir='ltr'>lis</span> <span class='ocrx_word' id='word_1_270' title='bbox 1048 2152 1132 2189; x_wconf 77' lang='lat' dir='ltr'>&#39;fuit</span> <span class='ocrx_word' id='word_1_271' title='bbox 1160 2153 1388 2190; x_wconf 79' lang='lat' dir='ltr'>elocutionis</span> <span class='ocrx_word' id='word_1_272' title='bbox 1416 2158 1452 2195; x_wconf 84' lang='grc'>3,</span> <span class='ocrx_word' id='word_1_273' title='bbox 1482 2159 1520 2194; x_wconf 76' lang='lat'>3,</span> <span class='ocrx_word' id='word_1_274' title='bbox 1547 2154 1609 2196; x_wconf 77' lang='lat'>¹4·</span> 
     </span>
    </p>
   </div>
   <div class='ocr_carea' id='block_1_7' title="bbox 981 2204 1676 2298">
    <p class='ocr_par' dir='ltr' id='par_1_7' title="bbox 981 2204 1676 2298">
     <span class='ocr_line' id='line_1_40' title="bbox 981 2204 1673 2257; baseline -0.01 -13"><span class='ocrx_word' id='word_1_275' title='bbox 981 2212 1038 2244; x_wconf 88' lang='lat' dir='ltr'>Eo</span> <span class='ocrx_word' id='word_1_276' title='bbox 1058 2210 1136 2256; x_wconf 82' lang='lat' dir='ltr'>ipso</span> <span class='ocrx_word' id='word_1_277' title='bbox 1157 2209 1244 2244; x_wconf 86' lang='lat' dir='ltr'>loco</span> <span class='ocrx_word' id='word_1_278' title='bbox 1268 2209 1315 2244; x_wconf 82' lang='lat' dir='ltr'>est</span> <span class='ocrx_word' id='word_1_279' title='bbox 1335 2207 1512 2257; x_wconf 82' lang='lat' dir='ltr'>populus,</span> <span class='ocrx_word' id='word_1_280' title='bbox 1547 2204 1611 2239; x_wconf 73' lang='lat' dir='ltr'>sed</span> <span class='ocrx_word' id='word_1_281' title='bbox 1671 2219 1673 2223; x_wconf 54' lang='lat'><em>⁴</em></span> 
     </span>
     <span class='ocr_line' id='line_1_41' title="bbox 1318 2258 1676 2298; baseline -0.02 0"><span class='ocrx_word' id='word_1_282' title='bbox 1318 2267 1378 2298; x_wconf 88' lang='lat' dir='ltr'>An</span> <span class='ocrx_word' id='word_1_283' title='bbox 1408 2272 1445 2297; x_wconf 85' lang='lat' dir='ltr'>et</span> <span class='ocrx_word' id='word_1_284' title='bbox 1471 2261 1536 2295; x_wconf 79' lang='lat' dir='ltr'>hie</span> <span class='ocrx_word' id='word_1_285' title='bbox 1562 2258 1610 2292; x_wconf 83' lang='lat' dir='ltr'>do</span> <span class='ocrx_word' id='word_1_286' title='bbox 1661 2264 1676 2283; x_wconf 89' lang='lat'>·&#39;</span> 
     </span>
    </p>
   </div>
   <div class='ocr_carea' id='block_1_8' title="bbox 981 2263 1608 2744">
    <p class='ocr_par' dir='ltr' id='par_1_8' title="bbox 981 2263 1608 2477">
     <span class='ocr_line' id='line_1_42' title="bbox 981 2263 1251 2311; baseline 0 -13"><span class='ocrx_word' id='word_1_287' title='bbox 981 2265 1023 2299; x_wconf 88' lang='lat' dir='ltr'>in</span> <span class='ocrx_word' id='word_1_288' title='bbox 1048 2263 1251 2311; x_wconf 79' lang='lat' dir='ltr'>suadendo.</span> 
     </span>
     <span class='ocr_line' id='line_1_43' title="bbox 984 2315 1608 2366; baseline -0.011 -12"><span class='ocrx_word' id='word_1_289' title='bbox 984 2319 1117 2354; x_wconf 84' lang='lat' dir='ltr'>eodem</span> <span class='ocrx_word' id='word_1_290' title='bbox 1144 2315 1429 2366; x_wconf 75' lang='lat' dir='ltr'>cogitabiinus?</span> <span class='ocrx_word' id='word_1_291' title='bbox 1469 2315 1542 2351; x_wconf 86' lang='lat' dir='ltr'>Sed</span> <span class='ocrx_word' id='word_1_292' title='bbox 1559 2326 1608 2347; x_wconf 80' lang='lat' dir='ltr'>ne</span> 
     </span>
     <span class='ocr_line' id='line_1_44' title="bbox 982 2366 1607 2422; baseline -0.011 -13"><span class='ocrx_word' id='word_1_293' title='bbox 982 2374 1032 2409; x_wconf 81' lang='lat' dir='ltr'>fio</span> <span class='ocrx_word' id='word_1_294' title='bbox 1081 2374 1238 2422; x_wconf 81' lang='lat' dir='ltr'>quidem</span> <span class='ocrx_word' id='word_1_295' title='bbox 1285 2373 1493 2421; x_wconf 79' lang='lat' dir='ltr'>quidquam</span> <span class='ocrx_word' id='word_1_296' title='bbox 1540 2366 1607 2402; x_wconf 79' lang='lat' dir='ltr'>hie</span> 
     </span>
     <span class='ocr_line' id='line_1_45' title="bbox 982 2423 1482 2477; baseline -0.01 -13"><span class='ocrx_word' id='word_1_297' title='bbox 982 2430 1141 2476; x_wconf 79' lang='lat' dir='ltr'>agnosco</span> <span class='ocrx_word' id='word_1_298' title='bbox 1169 2428 1240 2463; x_wconf 86' lang='lat' dir='ltr'>nisi</span> <span class='ocrx_word' id='word_1_299' title='bbox 1266 2423 1442 2463; x_wconf 74' lang='lat' dir='ltr'>scholam.</span> <span class='ocrx_word' id='word_1_300' title='bbox 1480 2475 1482 2477; x_wconf 26' lang='grc' dir='ltr'>Ι</span> 
     </span>
    </p>

    <p class='ocr_par' dir='ltr' id='par_1_9' title="bbox 989 2479 1608 2586">
     <span class='ocr_line' id='line_1_46' title="bbox 1044 2479 1608 2531; baseline -0.011 -11"><span class='ocrx_word' id='word_1_301' title='bbox 1044 2490 1130 2527; x_wconf 76' lang='grc'><strong>154.</strong></span> <span class='ocrx_word' id='word_1_302' title='bbox 1161 2479 1343 2531; x_wconf 80' lang='lat' dir='ltr'>praestare</span> <span class='ocrx_word' id='word_1_303' title='bbox 1363 2481 1476 2516; x_wconf 74' lang='lat' dir='ltr'>debet.</span> <span class='ocrx_word' id='word_1_304' title='bbox 1505 2479 1552 2515; x_wconf 79' lang='lat' dir='ltr'>cf·</span> <span class='ocrx_word' id='word_1_305' title='bbox 1572 2481 1608 2526; x_wconf 74' lang='lat'>§-</span> 
     </span>
     <span class='ocr_line' id='line_1_47' title="bbox 989 2535 1469 2586; baseline -0.008 -14"><span class='ocrx_word' id='word_1_306' title='bbox 989 2546 1076 2582; x_wconf 82' lang='lat'>²5¹·</span> <span class='ocrx_word' id='word_1_307' title='bbox 1108 2538 1246 2586; x_wconf 76' lang='lat' dir='ltr'>efficere</span> <span class='ocrx_word' id='word_1_308' title='bbox 1265 2535 1354 2585; x_wconf 79' lang='lat' dir='ltr'>quid</span> <span class='ocrx_word' id='word_1_309' title='bbox 1371 2535 1469 2569; x_wconf 79' lang='lat' dir='ltr'>velit.</span> 
     </span>
    </p>

    <p class='ocr_par' dir='ltr' id='par_1_10' title="bbox 982 2589 1608 2744">
     <span class='ocr_line' id='line_1_48' title="bbox 1039 2589 1608 2640; baseline -0.011 -12"><span class='ocrx_word' id='word_1_310' title='bbox 1039 2607 1082 2628; x_wconf 80' lang='lat' dir='ltr'>ex</span> <span class='ocrx_word' id='word_1_311' title='bbox 1097 2605 1183 2628; x_wconf 84' lang='lat' dir='ltr'>voce</span> <span class='ocrx_word' id='word_1_312' title='bbox 1192 2611 1249 2620; x_wconf 90' lang='lat'>-—-</span> <span class='ocrx_word' id='word_1_313' title='bbox 1259 2600 1367 2640; x_wconf 76' lang='lat' dir='ltr'>atque</span> <span class='ocrx_word' id='word_1_314' title='bbox 1381 2589 1608 2637; x_wconf 76' lang='lat' dir='ltr'>actionepel·</span> 
     </span>
     <span class='ocr_line' id='line_1_49' title="bbox 982 2642 1605 2684; baseline -0.006 -2"><span class='ocrx_word' id='word_1_315' title='bbox 982 2649 1113 2684; x_wconf 73' lang='lat' dir='ltr'>lucent.</span> <span class='ocrx_word' id='word_1_316' title='bbox 1169 2645 1292 2681; x_wconf 84' lang='lat' dir='ltr'>Sicuti</span> <span class='ocrx_word' id='word_1_317' title='bbox 1313 2657 1358 2680; x_wconf 86' lang='lat' dir='ltr'>ex</span> <span class='ocrx_word' id='word_1_318' title='bbox 1374 2645 1545 2680; x_wconf 76' lang='lat' dir='ltr'>oratione</span> <span class='ocrx_word' id='word_1_319' title='bbox 1567 2642 1605 2684; x_wconf 86' lang='lat'>6.</span> 
     </span>
     <span class='ocr_line' id='line_1_50' title="bbox 983 2711 1104 2744; baseline -0.017 -6"><span class='ocrx_word' id='word_1_320' title='bbox 983 2711 1020 2744; x_wconf 83' lang='lat'>2,</span> <span class='ocrx_word' id='word_1_321' title='bbox 1044 2711 1104 2744; x_wconf 81' lang='lat'>15·</span> 
     </span>
    </p>
   </div>
   <div class='ocr_carea' id='block_1_9' title="bbox 1037 2752 1610 2805">
    <p class='ocr_par' dir='ltr' id='par_1_11' title="bbox 1037 2752 1610 2805">
     <span class='ocr_line' id='line_1_51' title="bbox 1037 2752 1610 2805; baseline -0.01 -12"><span class='ocrx_word' id='word_1_322' title='bbox 1037 2757 1295 2805; x_wconf 77' lang='lat' dir='ltr'>affirmatione.</span> <span class='ocrx_word' id='word_1_323' title='bbox 1350 2755 1461 2791; x_wconf 78' lang='lat' dir='ltr'>Hanc</span> <span class='ocrx_word' id='word_1_324' title='bbox 1496 2752 1610 2805; x_wconf 71' lang='lat' dir='ltr'>plane</span> 
     </span>
    </p>
   </div>
  </div>
 </body>
</html>
