<?xml version="1.0" encoding="UTF-8"?>
<!DOCTYPE html PUBLIC "-//W3C//DTD XHTML 1.0 Transitional//EN"
    "http://www.w3.org/TR/xhtml1/DTD/xhtml1-transitional.dtd">
<html xmlns="http://www.w3.org/1999/xhtml" xml:lang="en" lang="en">
 <head>
  <title>
</title>
<meta http-equiv="Content-Type" content="text/html;charset=utf-8" />
  <meta name='ocr-system' content='tesseract 3.04.00' />
  <meta name='ocr-capabilities' content='ocr_page ocr_carea ocr_par ocr_line ocrx_word'/>
</head>
<body>
  <div class='ocr_page' id='page_1' title='image "./lexiconquintilia04bonnuoft_0184.png"; bbox 0 0 1676 3028; ppageno 0'>
   <div class='ocr_carea' id='block_1_1' title="bbox 311 219 1310 285">
    <p class='ocr_par' dir='ltr' id='par_1_1' title="bbox 311 219 1310 285">
     <span class='ocr_line' id='line_1_1' title="bbox 311 219 1310 285; baseline 0.004 -21"><span class='ocrx_word' id='word_1_1' title='bbox 311 226 405 276; x_wconf 74' lang='lat'>154</span> <span class='ocrx_word' id='word_1_2' title='bbox 622 219 696 266; x_wconf 89' lang='lat' dir='ltr'>M.</span> <span class='ocrx_word' id='word_1_3' title='bbox 733 220 864 266; x_wconf 87' lang='lat' dir='ltr'>FAB.</span> <span class='ocrx_word' id='word_1_4' title='bbox 899 221 1310 285; x_wconf 68' lang='lat' dir='ltr'><strong>QUINTILIANI</strong></span> 
     </span>
    </p>
   </div>
   <div class='ocr_carea' id='block_1_2' title="bbox 219 338 1620 1013">
    <p class='ocr_par' dir='ltr' id='par_1_2' title="bbox 219 338 1620 1013">
     <span class='ocr_line' id='line_1_2' title="bbox 289 338 1620 409; baseline 0.005 -17"><span class='ocrx_word' id='word_1_5' title='bbox 289 338 377 392; x_wconf 80' lang='lat' dir='ltr'>‘At</span> <span class='ocrx_word' id='word_1_6' title='bbox 409 343 551 392; x_wconf 83' lang='lat' dir='ltr'>idem</span> <span class='ocrx_word' id='word_1_7' title='bbox 585 339 691 401; x_wconf 84' lang='lat' dir='ltr'>ille,</span> <span class='ocrx_word' id='word_1_8' title='bbox 731 344 824 408; x_wconf 86' lang='lat' dir='ltr'>qui</span> <span class='ocrx_word' id='word_1_9' title='bbox 860 344 1074 409; x_wconf 80' lang='lat' dir='ltr'>excipit,</span> <span class='ocrx_word' id='word_1_10' title='bbox 1113 343 1155 392; x_wconf 82' lang='lat' dir='ltr'>si</span> <span class='ocrx_word' id='word_1_11' title='bbox 1183 345 1380 396; x_wconf 83' lang='lat' dir='ltr'>tardior</span> <span class='ocrx_word' id='word_1_12' title='bbox 1410 349 1466 396; x_wconf 89' lang='lat' dir='ltr'>in</span> <span class='ocrx_word' id='word_1_13' title='bbox 1500 347 1620 397; x_wconf 82' lang='lat' dir='ltr'>scri-</span> 
     </span>
     <span class='ocr_line' id='line_1_3' title="bbox 305 419 1620 484; baseline 0.005 -18"><span class='ocrx_word' id='word_1_14' title='bbox 305 419 496 475; x_wconf 84' lang='lat' dir='ltr'>bendo,</span> <span class='ocrx_word' id='word_1_15' title='bbox 535 429 624 467; x_wconf 87' lang='lat' dir='ltr'>aut</span> <span class='ocrx_word' id='word_1_16' title='bbox 657 420 876 466; x_wconf 86' lang='lat' dir='ltr'>inertior</span> <span class='ocrx_word' id='word_1_17' title='bbox 902 420 960 467; x_wconf 87' lang='lat' dir='ltr'>in</span> <span class='ocrx_word' id='word_1_18' title='bbox 992 419 1232 484; x_wconf 82' lang='lat' dir='ltr'>legendo,</span> <span class='ocrx_word' id='word_1_19' title='bbox 1269 424 1416 471; x_wconf 83' lang='lat' dir='ltr'>velut</span> <span class='ocrx_word' id='word_1_20' title='bbox 1455 421 1620 472; x_wconf 88' lang='lat' dir='ltr'>offen-</span> 
     </span>
     <span class='ocr_line' id='line_1_4' title="bbox 304 491 1619 561; baseline 0.005 -20"><span class='ocrx_word' id='word_1_21' title='bbox 304 491 440 542; x_wconf 77' lang='lat' dir='ltr'>sator</span> <span class='ocrx_word' id='word_1_22' title='bbox 468 493 653 551; x_wconf 84' lang='lat' dir='ltr'>fuerit,</span> <span class='ocrx_word' id='word_1_23' title='bbox 700 494 969 543; x_wconf 85' lang='lat' dir='ltr'>inhibetur</span> <span class='ocrx_word' id='word_1_24' title='bbox 1004 493 1202 552; x_wconf 82' lang='lat' dir='ltr'>cursus,</span> <span class='ocrx_word' id='word_1_25' title='bbox 1242 506 1396 561; x_wconf 86' lang='lat' dir='ltr'>atque</span> <span class='ocrx_word' id='word_1_26' title='bbox 1433 500 1619 556; x_wconf 85' lang='lat' dir='ltr'>omnis,</span> 
     </span>
     <span class='ocr_line' id='line_1_5' title="bbox 219 571 1620 637; baseline 0.004 -21"><span class='ocrx_word' id='word_1_27' title='bbox 219 624 222 637; x_wconf 25' lang='grc' dir='ltr'>λ</span> <span class='ocrx_word' id='word_1_28' title='bbox 306 586 439 633; x_wconf 87' lang='lat' dir='ltr'>quae</span> <span class='ocrx_word' id='word_1_29' title='bbox 473 579 608 626; x_wconf 84' lang='lat' dir='ltr'>erat,</span> <span class='ocrx_word' id='word_1_30' title='bbox 654 579 904 633; x_wconf 64' lang='lat' dir='ltr'>concepta,</span> <span class='ocrx_word' id='word_1_31' title='bbox 926 571 1114 618; x_wconf 86' lang='lat' dir='ltr'>mentis</span> <span class='ocrx_word' id='word_1_32' title='bbox 1145 571 1367 621; x_wconf 86' lang='lat' dir='ltr'>intentio</span> <span class='ocrx_word' id='word_1_33' title='bbox 1397 590 1544 622; x_wconf 84' lang='lat' dir='ltr'>mora</span> <span class='ocrx_word' id='word_1_34' title='bbox 1569 583 1620 621; x_wconf 81' lang='lat' dir='ltr'>et</span> 
     </span>
     <span class='ocr_line' id='line_1_6' title="bbox 230 643 1618 712; baseline 0.002 -20"><span class='ocrx_word' id='word_1_35' title='bbox 230 664 279 692; x_wconf 80' lang='lat'>21</span> <span class='ocrx_word' id='word_1_36' title='bbox 305 643 570 692; x_wconf 84' lang='lat' dir='ltr'>interdum</span> <span class='ocrx_word' id='word_1_37' title='bbox 591 643 860 692; x_wconf 80' lang='lat' dir='ltr'>iracundia</span> <span class='ocrx_word' id='word_1_38' title='bbox 879 646 1150 702; x_wconf 72' lang='lat' dir='ltr'>excutitur.</span> <span class='ocrx_word' id='word_1_39' title='bbox 1204 649 1344 695; x_wconf 90' lang='lat' dir='ltr'>Tum</span> <span class='ocrx_word' id='word_1_40' title='bbox 1363 647 1468 704; x_wconf 86' lang='lat' dir='ltr'>illa,</span> <span class='ocrx_word' id='word_1_41' title='bbox 1487 664 1618 712; x_wconf 87' lang='lat' dir='ltr'>quae</span> 
     </span>
     <span class='ocr_line' id='line_1_7' title="bbox 302 718 1619 786; baseline 0.003 -20"><span class='ocrx_word' id='word_1_42' title='bbox 302 720 541 767; x_wconf 85' lang='lat' dir='ltr'>altiorem</span> <span class='ocrx_word' id='word_1_43' title='bbox 580 720 741 766; x_wconf 87' lang='lat' dir='ltr'>animi</span> <span class='ocrx_word' id='word_1_44' title='bbox 782 729 986 767; x_wconf 88' lang='lat' dir='ltr'>motum</span> <span class='ocrx_word' id='word_1_45' title='bbox 1028 718 1346 782; x_wconf 83' lang='lat' dir='ltr'>sequuntur,</span> <span class='ocrx_word' id='word_1_46' title='bbox 1385 739 1619 786; x_wconf 85' lang='lat' dir='ltr'>quaeque</span> 
     </span>
     <span class='ocr_line' id='line_1_8' title="bbox 298 793 1619 862; baseline 0.003 -20"><span class='ocrx_word' id='word_1_47' title='bbox 298 793 405 858; x_wconf 83' lang='lat' dir='ltr'>ipsa</span> <span class='ocrx_word' id='word_1_48' title='bbox 441 794 676 841; x_wconf 83' lang='lat' dir='ltr'>animum</span> <span class='ocrx_word' id='word_1_49' title='bbox 714 793 1109 857; x_wconf 84' lang='lat' dir='ltr'>quodammodo</span> <span class='ocrx_word' id='word_1_50' title='bbox 1147 797 1431 855; x_wconf 85' lang='lat' dir='ltr'>concitant,</span> <span class='ocrx_word' id='word_1_51' title='bbox 1487 814 1619 862; x_wconf 88' lang='lat' dir='ltr'>quo-</span> 
     </span>
     <span class='ocr_line' id='line_1_9' title="bbox 298 867 1618 934; baseline 0.002 -16"><span class='ocrx_word' id='word_1_52' title='bbox 298 885 419 932; x_wconf 82' lang='lat' dir='ltr'>rum</span> <span class='ocrx_word' id='word_1_53' title='bbox 458 867 531 916; x_wconf 85' lang='lat' dir='ltr'>est</span> <span class='ocrx_word' id='word_1_54' title='bbox 578 872 762 929; x_wconf 84' lang='lat' dir='ltr'>jactare</span> <span class='ocrx_word' id='word_1_55' title='bbox 803 886 1041 927; x_wconf 88' lang='lat' dir='ltr'>manum,</span> <span class='ocrx_word' id='word_1_56' title='bbox 1112 880 1356 934; x_wconf 84' lang='lat' dir='ltr'>torquere</span> <span class='ocrx_word' id='word_1_57' title='bbox 1395 874 1618 930; x_wconf 85' lang='lat' dir='ltr'>vultum,</span> 
     </span>
     <span class='ocr_line' id='line_1_10' title="bbox 297 940 1618 1013; baseline 0.003 -21"><span class='ocrx_word' id='word_1_58' title='bbox 297 942 455 1010; x_wconf 72' lang='lat' dir='ltr'>simul</span> <span class='ocrx_word' id='word_1_59' title='bbox 513 953 713 992; x_wconf 80' lang='lat' dir='ltr'>vertere</span> <span class='ocrx_word' id='word_1_60' title='bbox 768 945 901 993; x_wconf 85' lang='lat' dir='ltr'>latus</span> <span class='ocrx_word' id='word_1_61' title='bbox 955 955 1005 992; x_wconf 90' lang='lat' dir='ltr'>et</span> <span class='ocrx_word' id='word_1_62' title='bbox 1059 947 1271 994; x_wconf 87' lang='lat' dir='ltr'>interim</span> <span class='ocrx_word' id='word_1_63' title='bbox 1329 940 1618 1013; x_wconf 69' lang='lat' dir='ltr'>objurgate,</span> 
     </span>
    </p>
   </div>
   <div class='ocr_carea' id='block_1_3' title="bbox 248 1084 1641 2569">
    <p class='ocr_par' dir='ltr' id='par_1_3' title="bbox 296 1084 1641 1300">
     <span class='ocr_line' id='line_1_11' title="bbox 383 1084 1618 1136; baseline 0 -15"><span class='ocrx_word' id='word_1_64' title='bbox 383 1095 447 1121; x_wconf 81' lang='lat'>20.</span> <span class='ocrx_word' id='word_1_65' title='bbox 490 1084 564 1126; x_wconf 80' lang='lat' dir='ltr'>ille,</span> <span class='ocrx_word' id='word_1_66' title='bbox 590 1088 663 1135; x_wconf 81' lang='lat' dir='ltr'>qui.</span> <span class='ocrx_word' id='word_1_67' title='bbox 701 1086 830 1122; x_wconf 78' lang='lat' dir='ltr'>Turic-</span> <span class='ocrx_word' id='word_1_68' title='bbox 858 1085 960 1121; x_wconf 81' lang='lat' dir='ltr'>Flor.</span> <span class='ocrx_word' id='word_1_69' title='bbox 991 1087 1080 1131; x_wconf 87' lang='lat' dir='ltr'>(hic</span> <span class='ocrx_word' id='word_1_70' title='bbox 1109 1100 1128 1121; x_wconf 87' lang='lat' dir='ltr'>a</span> <span class='ocrx_word' id='word_1_71' title='bbox 1158 1101 1215 1136; x_wconf 83' lang='lat' dir='ltr'>pr.</span> <span class='ocrx_word' id='word_1_72' title='bbox 1238 1090 1317 1133; x_wconf 90' lang='lat' dir='ltr'>m.)</span> <span class='ocrx_word' id='word_1_73' title='bbox 1346 1088 1531 1124; x_wconf 87' lang='lat' dir='ltr'>omittunt</span> <span class='ocrx_word' id='word_1_74' title='bbox 1557 1089 1618 1135; x_wconf 74' lang='lat' dir='ltr'>qui</span> 
     </span>
     <span class='ocr_line' id='line_1_12' title="bbox 297 1140 1641 1190; baseline -0.001 -13"><span class='ocrx_word' id='word_1_75' title='bbox 297 1154 385 1177; x_wconf 85' lang='lat' dir='ltr'>cum</span> <span class='ocrx_word' id='word_1_76' title='bbox 407 1140 508 1175; x_wconf 86' lang='lat' dir='ltr'>Alm.</span> <span class='ocrx_word' id='word_1_77' title='bbox 706 1143 844 1176; x_wconf 81' lang='lat' dir='ltr'><em>tardior</em></span> <span class='ocrx_word' id='word_1_78' title='bbox 863 1161 917 1169; x_wconf 92' lang='lat'>——-</span> <span class='ocrx_word' id='word_1_79' title='bbox 932 1161 986 1169; x_wconf 93' lang='lat'>—</span> <span class='ocrx_word' id='word_1_80' title='bbox 1005 1143 1172 1190; x_wconf 80' lang='lat' dir='ltr'>legendo.</span> <span class='ocrx_word' id='word_1_81' title='bbox 1203 1142 1331 1178; x_wconf 78' lang='lat' dir='ltr'>Turio.</span> <span class='ocrx_word' id='word_1_82' title='bbox 1358 1143 1443 1188; x_wconf 83' lang='lat' dir='ltr'>(hic</span> <span class='ocrx_word' id='word_1_83' title='bbox 1461 1143 1617 1190; x_wconf 82' lang='lat' dir='ltr'>quidem</span> <span class='ocrx_word' id='word_1_84' title='bbox 1638 1184 1641 1185; x_wconf 19' lang='lat'><em>⁷</em></span> 
     </span>
     <span class='ocr_line' id='line_1_13' title="bbox 296 1197 1639 1245; baseline -0.001 -13"><span class='ocrx_word' id='word_1_85' title='bbox 296 1197 543 1244; x_wconf 72' lang='lat' dir='ltr'>ctim·Camp.</span> <span class='ocrx_word' id='word_1_86' title='bbox 590 1197 703 1232; x_wconf 80' lang='lat' dir='ltr'>etiam</span> <span class='ocrx_word' id='word_1_87' title='bbox 733 1197 838 1244; x_wconf 78' lang='lat' dir='ltr'>prius</span> <span class='ocrx_word' id='word_1_88' title='bbox 878 1199 915 1231; x_wconf 88' lang='lat' dir='ltr'>in</span> <span class='ocrx_word' id='word_1_89' title='bbox 956 1198 1118 1241; x_wconf 86' lang='lat' dir='ltr'>omittit)</span> <span class='ocrx_word' id='word_1_90' title='bbox 1156 1198 1256 1233; x_wconf 82' lang='lat' dir='ltr'>Flor.</span> <span class='ocrx_word' id='word_1_91' title='bbox 1296 1198 1377 1241; x_wconf 89' lang='lat' dir='ltr'>(hic</span> <span class='ocrx_word' id='word_1_92' title='bbox 1406 1211 1425 1232; x_wconf 87' lang='lat' dir='ltr'>a</span> <span class='ocrx_word' id='word_1_93' title='bbox 1456 1210 1514 1245; x_wconf 78' lang='lat' dir='ltr'>pr.</span> <span class='ocrx_word' id='word_1_94' title='bbox 1545 1198 1639 1241; x_wconf 67' lang='grc' dir='ltr'>ιη.)</span> 
     </span>
     <span class='ocr_line' id='line_1_14' title="bbox 297 1250 1618 1300; baseline 0 -13"><span class='ocrx_word' id='word_1_95' title='bbox 297 1261 323 1287; x_wconf 83' lang='lat' dir='ltr'>t.</span> <span class='ocrx_word' id='word_1_96' title='bbox 347 1254 370 1287; x_wconf 86' lang='lat' dir='ltr'>i.</span> <span class='ocrx_word' id='word_1_97' title='bbox 388 1250 420 1299; x_wconf 86' lang='lat' dir='ltr'>s.</span> <span class='ocrx_word' id='word_1_98' title='bbox 443 1267 477 1287; x_wconf 87' lang='lat' dir='ltr'>a.</span> <span class='ocrx_word' id='word_1_99' title='bbox 497 1254 663 1287; x_wconf 79' lang='lat' dir='ltr'>incertior</span> <span class='ocrx_word' id='word_1_100' title='bbox 686 1260 722 1286; x_wconf 80' lang='lat' dir='ltr'>et</span> <span class='ocrx_word' id='word_1_101' title='bbox 741 1252 942 1299; x_wconf 83' lang='lat' dir='ltr'>diligendo,</span> <span class='ocrx_word' id='word_1_102' title='bbox 973 1266 1060 1287; x_wconf 89' lang='lat' dir='ltr'>cum</span> <span class='ocrx_word' id='word_1_103' title='bbox 1079 1252 1179 1287; x_wconf 85' lang='lat' dir='ltr'>Alm.</span> <span class='ocrx_word' id='word_1_104' title='bbox 1198 1253 1270 1287; x_wconf 83' lang='lat' dir='ltr'>nisi</span> <span class='ocrx_word' id='word_1_105' title='bbox 1290 1253 1394 1300; x_wconf 87' lang='lat' dir='ltr'>quod</span> <span class='ocrx_word' id='word_1_106' title='bbox 1415 1266 1462 1288; x_wconf 82' lang='lat' dir='ltr'>ex</span> <span class='ocrx_word' id='word_1_107' title='bbox 1482 1251 1557 1287; x_wconf 83' lang='lat' dir='ltr'>hoc</span> <span class='ocrx_word' id='word_1_108' title='bbox 1581 1261 1618 1287; x_wconf 81' lang='lat' dir='ltr'>et</span> 
     </span>
    </p>

    <p class='ocr_par' dir='ltr' id='par_1_4' title="bbox 248 1305 1616 2238">
     <span class='ocr_line' id='line_1_15' title="bbox 248 1305 1616 1356; baseline 0 -14"><span class='ocrx_word' id='word_1_109' title='bbox 248 1310 253 1313; x_wconf 59' lang='grc'><strong>“</strong></span> <span class='ocrx_word' id='word_1_110' title='bbox 295 1320 376 1342; x_wconf 81' lang='lat' dir='ltr'>non</span> <span class='ocrx_word' id='word_1_111' title='bbox 405 1307 579 1342; x_wconf 84' lang='lat' dir='ltr'>refertur.</span> <span class='ocrx_word' id='word_1_112' title='bbox 610 1308 784 1341; x_wconf 79' lang='lat' dir='ltr'>Incertior</span> <span class='ocrx_word' id='word_1_113' title='bbox 817 1307 927 1341; x_wconf 74' lang='lat' dir='ltr'>etiam</span> <span class='ocrx_word' id='word_1_114' title='bbox 955 1307 1080 1343; x_wconf 84' lang='lat' dir='ltr'>Guelf.</span> <span class='ocrx_word' id='word_1_115' title='bbox 1115 1320 1202 1342; x_wconf 88' lang='lat' dir='ltr'>cum</span> <span class='ocrx_word' id='word_1_116' title='bbox 1226 1309 1338 1343; x_wconf 85' lang='lat' dir='ltr'>Bern.</span> <span class='ocrx_word' id='word_1_117' title='bbox 1367 1320 1485 1356; x_wconf 82' lang='lat' dir='ltr'><strong>marg.</strong></span> <span class='ocrx_word' id='word_1_118' title='bbox 1505 1305 1616 1343; x_wconf 73' lang='lat' dir='ltr'>Bafil.</span> 
     </span>
     <span class='ocr_line' id='line_1_16' title="bbox 296 1361 1614 1412; baseline -0.001 -15"><span class='ocrx_word' id='word_1_119' title='bbox 296 1373 334 1397; x_wconf 84' lang='lat' dir='ltr'>et</span> <span class='ocrx_word' id='word_1_120' title='bbox 355 1362 496 1398; x_wconf 79' lang='lat' dir='ltr'>Vidov.</span> <span class='ocrx_word' id='word_1_121' title='bbox 727 1361 938 1409; x_wconf 83' lang='lat' dir='ltr'>offensator.</span> <span class='ocrx_word' id='word_1_122' title='bbox 987 1363 1116 1397; x_wconf 78' lang='lat' dir='ltr'>Turic-</span> <span class='ocrx_word' id='word_1_123' title='bbox 1158 1362 1378 1412; x_wconf 70' lang='lat' dir='ltr'>offensator,</span> <span class='ocrx_word' id='word_1_124' title='bbox 1416 1377 1435 1397; x_wconf 86' lang='lat' dir='ltr'>a</span> <span class='ocrx_word' id='word_1_125' title='bbox 1465 1363 1533 1397; x_wconf 78' lang='lat' dir='ltr'>sec.</span> <span class='ocrx_word' id='word_1_126' title='bbox 1562 1374 1614 1396; x_wconf 91' lang='lat' dir='ltr'>m.</span> 
     </span>
     <span class='ocr_line' id='line_1_17' title="bbox 296 1416 1614 1466; baseline -0.001 -13"><span class='ocrx_word' id='word_1_127' title='bbox 296 1417 507 1466; x_wconf 80' lang='lat' dir='ltr'>offensatus.</span> <span class='ocrx_word' id='word_1_128' title='bbox 527 1417 629 1453; x_wconf 90' lang='lat' dir='ltr'>Flor.</span> <span class='ocrx_word' id='word_1_129' title='bbox 653 1419 689 1462; x_wconf 76' lang='lat' dir='ltr'>(a</span> <span class='ocrx_word' id='word_1_130' title='bbox 711 1430 767 1466; x_wconf 84' lang='lat' dir='ltr'>pr.</span> <span class='ocrx_word' id='word_1_131' title='bbox 791 1419 862 1462; x_wconf 87' lang='lat' dir='ltr'>m.)</span> <span class='ocrx_word' id='word_1_132' title='bbox 886 1416 1115 1465; x_wconf 84' lang='lat' dir='ltr'>offensatum.</span> <span class='ocrx_word' id='word_1_133' title='bbox 1335 1417 1464 1465; x_wconf 79' lang='lat' dir='ltr'>fuerit.</span> <span class='ocrx_word' id='word_1_134' title='bbox 1483 1416 1614 1452; x_wconf 75' lang='lat' dir='ltr'>Turic-</span> 
     </span>
     <span class='ocr_line' id='line_1_18' title="bbox 294 1471 1616 1521; baseline -0.002 -14"><span class='ocrx_word' id='word_1_135' title='bbox 294 1473 396 1508; x_wconf 72' lang='lat' dir='ltr'>flor.</span> <span class='ocrx_word' id='word_1_136' title='bbox 429 1477 465 1516; x_wconf 80' lang='lat' dir='ltr'>(a</span> <span class='ocrx_word' id='word_1_137' title='bbox 485 1487 540 1521; x_wconf 89' lang='lat' dir='ltr'>pr.</span> <span class='ocrx_word' id='word_1_138' title='bbox 565 1487 615 1508; x_wconf 90' lang='lat' dir='ltr'>m.</span> <span class='ocrx_word' id='word_1_139' title='bbox 638 1472 817 1519; x_wconf 82' lang='lat' dir='ltr'>uterque)</span> <span class='ocrx_word' id='word_1_140' title='bbox 848 1473 971 1508; x_wconf 77' lang='lat' dir='ltr'>Guelf.</span> <span class='ocrx_word' id='word_1_141' title='bbox 998 1471 1078 1518; x_wconf 79' lang='lat' dir='ltr'>fuit</span> <span class='ocrx_word' id='word_1_142' title='bbox 1108 1485 1193 1507; x_wconf 87' lang='lat' dir='ltr'>cum</span> <span class='ocrx_word' id='word_1_143' title='bbox 1215 1473 1319 1509; x_wconf 74' lang='lat' dir='ltr'>Voss‘.</span> <span class='ocrx_word' id='word_1_144' title='bbox 1349 1487 1380 1508; x_wconf 87' lang='grc' dir='ltr'>ι.</span> <span class='ocrx_word' id='word_1_145' title='bbox 1423 1471 1616 1520; x_wconf 83' lang='lat' dir='ltr'>Displicet</span> 
     </span>
     <span class='ocr_line' id='line_1_19' title="bbox 294 1524 1616 1575; baseline -0.002 -13"><span class='ocrx_word' id='word_1_146' title='bbox 294 1538 455 1575; x_wconf 71' lang='lat' dir='ltr'>recepta.</span> <span class='ocrx_word' id='word_1_147' title='bbox 487 1529 590 1574; x_wconf 80' lang='lat' dir='ltr'>Quid</span> <span class='ocrx_word' id='word_1_148' title='bbox 620 1529 720 1562; x_wconf 86' lang='lat' dir='ltr'>enim</span> <span class='ocrx_word' id='word_1_149' title='bbox 751 1527 800 1561; x_wconf 85' lang='lat' dir='ltr'>est</span> <span class='ocrx_word' id='word_1_150' title='bbox 825 1526 926 1561; x_wconf 85' lang='lat' dir='ltr'>illud</span> <span class='ocrx_word' id='word_1_151' title='bbox 957 1527 1084 1574; x_wconf 86' lang='lat' dir='ltr'>putidi</span> <span class='ocrx_word' id='word_1_152' title='bbox 1111 1524 1355 1565; x_wconf 66' lang='lat' dir='ltr'>discriminis,</span> <span class='ocrx_word' id='word_1_153' title='bbox 1386 1528 1524 1563; x_wconf 81' lang='lat' dir='ltr'>tardior</span> <span class='ocrx_word' id='word_1_154' title='bbox 1551 1533 1616 1561; x_wconf 76' lang='lat' dir='ltr'>aut</span> 
     </span>
     <span class='ocr_line' id='line_1_20' title="bbox 294 1581 1614 1630; baseline -0.002 -13"><span class='ocrx_word' id='word_1_155' title='bbox 294 1584 475 1618; x_wconf 79' lang='lat' dir='ltr'>inertior?</span> <span class='ocrx_word' id='word_1_156' title='bbox 503 1585 552 1617; x_wconf 92' lang='lat' dir='ltr'>Et</span> <span class='ocrx_word' id='word_1_157' title='bbox 573 1596 687 1630; x_wconf 80' lang='lat' dir='ltr'>quare</span> <span class='ocrx_word' id='word_1_158' title='bbox 709 1583 812 1629; x_wconf 82' lang='lat' dir='ltr'>legat</span> <span class='ocrx_word' id='word_1_159' title='bbox 832 1582 865 1616; x_wconf 83' lang='lat' dir='ltr'>is</span> <span class='ocrx_word' id='word_1_160' title='bbox 887 1582 950 1616; x_wconf 87' lang='lat' dir='ltr'>cui</span> <span class='ocrx_word' id='word_1_161' title='bbox 978 1581 1172 1616; x_wconf 80' lang='lat' dir='ltr'>dictatur?</span> <span class='ocrx_word' id='word_1_162' title='bbox 1209 1585 1317 1622; x_wconf 87' lang='lat' dir='ltr'>Puto,</span> <span class='ocrx_word' id='word_1_163' title='bbox 1349 1594 1435 1616; x_wconf 89' lang='lat' dir='ltr'>cum</span> <span class='ocrx_word' id='word_1_164' title='bbox 1458 1581 1614 1627; x_wconf 82' lang='lat' dir='ltr'>jubetur</span> 
     </span>
     <span class='ocr_line' id='line_1_21' title="bbox 293 1635 1614 1684; baseline 0 -14"><span class='ocrx_word' id='word_1_165' title='bbox 293 1650 313 1671; x_wconf 81' lang='lat' dir='ltr'>a</span> <span class='ocrx_word' id='word_1_166' title='bbox 336 1638 511 1674; x_wconf 86' lang='lat' dir='ltr'>dictante.</span> <span class='ocrx_word' id='word_1_167' title='bbox 542 1639 615 1674; x_wconf 77' lang='lat' dir='ltr'>Sed</span> <span class='ocrx_word' id='word_1_168' title='bbox 635 1638 684 1672; x_wconf 85' lang='lat' dir='ltr'>sic</span> <span class='ocrx_word' id='word_1_169' title='bbox 704 1650 782 1672; x_wconf 84' lang='lat' dir='ltr'>nou</span> <span class='ocrx_word' id='word_1_170' title='bbox 802 1637 919 1671; x_wconf 81' lang='lat' dir='ltr'>scriba</span> <span class='ocrx_word' id='word_1_171' title='bbox 943 1637 1067 1676; x_wconf 78' lang='lat' dir='ltr'>miser,</span> <span class='ocrx_word' id='word_1_172' title='bbox 1097 1649 1234 1671; x_wconf 83' lang='lat' dir='ltr'>verum</span> <span class='ocrx_word' id='word_1_173' title='bbox 1262 1637 1339 1684; x_wconf 79' lang='lat' dir='ltr'>ipse</span> <span class='ocrx_word' id='word_1_174' title='bbox 1357 1637 1428 1673; x_wconf 83' lang='lat' dir='ltr'>fibi</span> <span class='ocrx_word' id='word_1_175' title='bbox 1449 1635 1614 1684; x_wconf 83' lang='lat' dir='ltr'>impedi·</span> 
     </span>
     <span class='ocr_line' id='line_1_22' title="bbox 291 1691 1610 1741; baseline -0.002 -13"><span class='ocrx_word' id='word_1_176' title='bbox 291 1696 422 1728; x_wconf 75' lang='lat' dir='ltr'>ment‘o</span> <span class='ocrx_word' id='word_1_177' title='bbox 447 1694 507 1734; x_wconf 85' lang='lat' dir='ltr'>est,</span> <span class='ocrx_word' id='word_1_178' title='bbox 537 1694 606 1741; x_wconf 89' lang='lat' dir='ltr'>qui</span> <span class='ocrx_word' id='word_1_179' title='bbox 627 1693 780 1740; x_wconf 86' lang='lat' dir='ltr'>cogitat.</span> <span class='ocrx_word' id='word_1_180' title='bbox 841 1692 997 1726; x_wconf 83' lang='lat' dir='ltr'>Insuave</span> <span class='ocrx_word' id='word_1_181' title='bbox 1029 1691 1142 1726; x_wconf 79' lang='lat' dir='ltr'>etiam</span> <span class='ocrx_word' id='word_1_182' title='bbox 1169 1692 1374 1738; x_wconf 82' lang='lat' dir='ltr'>asyndeton</span> <span class='ocrx_word' id='word_1_183' title='bbox 1398 1702 1481 1727; x_wconf 80' lang='lat' dir='ltr'>ante</span> <span class='ocrx_word' id='word_1_184' title='bbox 1501 1692 1610 1726; x_wconf 85' lang='lat' dir='ltr'>velut.</span> 
     </span>
     <span class='ocr_line' id='line_1_23' title="bbox 291 1744 1614 1796; baseline -0.003 -13"><span class='ocrx_word' id='word_1_185' title='bbox 291 1748 494 1796; x_wconf 75' lang='lat' dir='ltr'>Refingam</span> <span class='ocrx_word' id='word_1_186' title='bbox 528 1749 593 1782; x_wconf 82' lang='lat' dir='ltr'>ista</span> <span class='ocrx_word' id='word_1_187' title='bbox 624 1748 726 1782; x_wconf 89' lang='lat' dir='ltr'>hunc</span> <span class='ocrx_word' id='word_1_188' title='bbox 749 1748 791 1781; x_wconf 89' lang='lat' dir='ltr'>in</span> <span class='ocrx_word' id='word_1_189' title='bbox 821 1747 1002 1782; x_wconf 83' lang='lat' dir='ltr'>modum:</span> <span class='ocrx_word' id='word_1_190' title='bbox 1034 1747 1079 1782; x_wconf 91' lang='lat' dir='ltr'>A.</span> <span class='ocrx_word' id='word_1_191' title='bbox 1103 1748 1125 1780; x_wconf 84' lang='lat' dir='ltr'>i.</span> <span class='ocrx_word' id='word_1_192' title='bbox 1150 1749 1173 1780; x_wconf 84' lang='lat' dir='ltr'>i.</span> <span class='ocrx_word' id='word_1_193' title='bbox 1197 1760 1231 1795; x_wconf 86' lang='lat' dir='ltr'>q.</span> <span class='ocrx_word' id='word_1_194' title='bbox 1253 1759 1284 1780; x_wconf 79' lang='lat' dir='ltr'>e.</span> <span class='ocrx_word' id='word_1_195' title='bbox 1309 1745 1347 1794; x_wconf 89' lang='lat' dir='ltr'>si</span> <span class='ocrx_word' id='word_1_196' title='bbox 1374 1744 1614 1794; x_wconf 78' lang='lat' dir='ltr'>tardiorscri-</span> 
     </span>
     <span class='ocr_line' id='line_1_24' title="bbox 292 1799 1615 1852; baseline -0.002 -15"><span class='ocrx_word' id='word_1_197' title='bbox 292 1803 412 1838; x_wconf 65' lang='lat' dir='ltr'>hendo</span> <span class='ocrx_word' id='word_1_198' title='bbox 437 1804 530 1847; x_wconf 84' lang='lat' dir='ltr'>(sive</span> <span class='ocrx_word' id='word_1_199' title='bbox 557 1806 594 1838; x_wconf 84' lang='lat' dir='ltr'>in</span> <span class='ocrx_word' id='word_1_200' title='bbox 605 1803 658 1852; x_wconf 89' lang='lat' dir='ltr'>s)</span> <span class='ocrx_word' id='word_1_201' title='bbox 682 1811 744 1838; x_wconf 80' lang='lat' dir='ltr'>aut</span> <span class='ocrx_word' id='word_1_202' title='bbox 768 1804 944 1842; x_wconf 81' lang='lat' dir='ltr'>incertior,</span> <span class='ocrx_word' id='word_1_203' title='bbox 975 1810 1011 1836; x_wconf 81' lang='lat' dir='ltr'>et</span> <span class='ocrx_word' id='word_1_204' title='bbox 1028 1801 1182 1837; x_wconf 81' lang='lat' dir='ltr'>delendo</span> <span class='ocrx_word' id='word_1_205' title='bbox 1206 1801 1303 1836; x_wconf 78' lang='lat' dir='ltr'>velut</span> <span class='ocrx_word' id='word_1_206' title='bbox 1323 1800 1520 1850; x_wconf 80' lang='lat' dir='ltr'>offensator</span> <span class='ocrx_word' id='word_1_207' title='bbox 1534 1799 1615 1847; x_wconf 72' lang='lat' dir='ltr'>fuit</span> 
     </span>
     <span class='ocr_line' id='line_1_25' title="bbox 294 1855 1613 1906; baseline -0.002 -13"><span class='ocrx_word' id='word_1_208' title='bbox 294 1859 390 1903; x_wconf 68' lang='lat' dir='ltr'>(sive</span> <span class='ocrx_word' id='word_1_209' title='bbox 409 1858 555 1906; x_wconf 82' lang='lat' dir='ltr'>suerit).</span> <span class='ocrx_word' id='word_1_210' title='bbox 610 1858 727 1895; x_wconf 85' lang='lat' dir='ltr'>Nihil</span> <span class='ocrx_word' id='word_1_211' title='bbox 754 1858 928 1906; x_wconf 84' lang='lat' dir='ltr'>profecto</span> <span class='ocrx_word' id='word_1_212' title='bbox 960 1855 1120 1892; x_wconf 82' lang='lat' dir='ltr'>similius</span> <span class='ocrx_word' id='word_1_213' title='bbox 1143 1868 1242 1904; x_wconf 83' lang='lat' dir='ltr'>equo</span> <span class='ocrx_word' id='word_1_214' title='bbox 1271 1855 1484 1906; x_wconf 84' lang='lat' dir='ltr'>offensatori</span> <span class='ocrx_word' id='word_1_215' title='bbox 1513 1856 1613 1901; x_wconf 73' lang='lat' dir='ltr'>(ejus</span> 
     </span>
     <span class='ocr_line' id='line_1_26' title="bbox 293 1909 1614 1962; baseline -0.005 -12"><span class='ocrx_word' id='word_1_216' title='bbox 293 1914 396 1950; x_wconf 81' lang='lat' dir='ltr'>enim</span> <span class='ocrx_word' id='word_1_217' title='bbox 433 1915 638 1962; x_wconf 85' lang='lat' dir='ltr'>proprium</span> <span class='ocrx_word' id='word_1_218' title='bbox 677 1913 753 1948; x_wconf 87' lang='lat' dir='ltr'>hoc</span> <span class='ocrx_word' id='word_1_219' title='bbox 783 1911 1018 1948; x_wconf 82' lang='lat' dir='ltr'>vocabulum</span> <span class='ocrx_word' id='word_1_220' title='bbox 1059 1912 1244 1952; x_wconf 81' lang='lat' dir='ltr'>arbitror,</span> <span class='ocrx_word' id='word_1_221' title='bbox 1305 1923 1519 1960; x_wconf 86' lang='lat' dir='ltr'>quanquam</span> <span class='ocrx_word' id='word_1_222' title='bbox 1547 1909 1614 1944; x_wconf 80' lang='lat' dir='ltr'>hic</span> 
     </span>
     <span class='ocr_line' id='line_1_27' title="bbox 290 1965 1611 2017; baseline -0.004 -13"><span class='ocrx_word' id='word_1_223' title='bbox 290 1969 413 2004; x_wconf 78' lang='lat' dir='ltr'>solum</span> <span class='ocrx_word' id='word_1_224' title='bbox 444 1968 628 2010; x_wconf 84' lang='lat' dir='ltr'>oblatum,</span> <span class='ocrx_word' id='word_1_225' title='bbox 660 1981 775 2017; x_wconf 81' lang='lat' dir='ltr'>quare</span> <span class='ocrx_word' id='word_1_226' title='bbox 808 1968 981 2002; x_wconf 87' lang='lat' dir='ltr'>additum</span> <span class='ocrx_word' id='word_1_227' title='bbox 1010 1967 1138 2010; x_wconf 85' lang='lat' dir='ltr'>velut),</span> <span class='ocrx_word' id='word_1_228' title='bbox 1168 1979 1280 2013; x_wconf 87' lang='lat' dir='ltr'>quam</span> <span class='ocrx_word' id='word_1_229' title='bbox 1309 1966 1470 2002; x_wconf 81' lang='lat' dir='ltr'>delendo</span> <span class='ocrx_word' id='word_1_230' title='bbox 1498 1966 1531 2000; x_wconf 82' lang='lat' dir='ltr'>se</span> <span class='ocrx_word' id='word_1_231' title='bbox 1551 1965 1611 2000; x_wconf 91' lang='lat' dir='ltr'>in-</span> 
     </span>
     <span class='ocr_line' id='line_1_28' title="bbox 291 2021 1611 2073; baseline -0.005 -13"><span class='ocrx_word' id='word_1_232' title='bbox 291 2024 515 2073; x_wconf 82' lang='lat' dir='ltr'>terpellans,</span> <span class='ocrx_word' id='word_1_233' title='bbox 548 2026 616 2073; x_wconf 88' lang='lat' dir='ltr'>qui</span> <span class='ocrx_word' id='word_1_234' title='bbox 642 2024 781 2059; x_wconf 81' lang='lat' dir='ltr'>scribit.</span> <span class='ocrx_word' id='word_1_235' title='bbox 841 2021 1079 2071; x_wconf 86' lang='lat' dir='ltr'>Oscitatorem</span> <span class='ocrx_word' id='word_1_236' title='bbox 1110 2022 1339 2067; x_wconf 81' lang='lat' dir='ltr'>conjectanti</span> <span class='ocrx_word' id='word_1_237' title='bbox 1366 2021 1488 2057; x_wconf 81' lang='lat' dir='ltr'>Badio</span> <span class='ocrx_word' id='word_1_238' title='bbox 1521 2032 1611 2055; x_wconf 87' lang='lat' dir='ltr'>con·</span> 
     </span>
     <span class='ocr_line' id='line_1_29' title="bbox 291 2073 1609 2122; baseline -0.004 -9"><span class='ocrx_word' id='word_1_239' title='bbox 291 2079 532 2115; x_wconf 76' lang='lat' dir='ltr'>donabimus.</span> <span class='ocrx_word' id='word_1_240' title='bbox 575 2080 621 2115; x_wconf 84' lang='lat' dir='ltr'>cf.</span> <span class='ocrx_word' id='word_1_241' title='bbox 658 2092 727 2120; x_wconf 85' lang='lat'>10,</span> <span class='ocrx_word' id='word_1_242' title='bbox 761 2090 806 2122; x_wconf 90' lang='grc'>7,</span> <span class='ocrx_word' id='word_1_243' title='bbox 842 2091 903 2113; x_wconf 85' lang='grc' dir='ltr'>ιο.</span> <span class='ocrx_word' id='word_1_244' title='bbox 961 2093 1032 2118; x_wconf 92' lang='grc' dir='ltr'>ιι,</span> <span class='ocrx_word' id='word_1_245' title='bbox 1065 2086 1112 2120; x_wconf 79' lang='grc'>5,</span> <span class='ocrx_word' id='word_1_246' title='bbox 1149 2085 1235 2119; x_wconf 79' lang='lat'>150.</span> <span class='ocrx_word' id='word_1_247' title='bbox 1482 2073 1609 2122; x_wconf 83' lang='lat' dir='ltr'>cursus.</span> 
     </span>
     <span class='ocr_line' id='line_1_30' title="bbox 287 2129 1612 2180; baseline -0.005 -10"><span class='ocrx_word' id='word_1_248' title='bbox 287 2135 419 2171; x_wconf 77' lang='lat' dir='ltr'>Turio.</span> <span class='ocrx_word' id='word_1_249' title='bbox 450 2137 487 2179; x_wconf 88' lang='lat' dir='ltr'>(a</span> <span class='ocrx_word' id='word_1_250' title='bbox 509 2136 574 2170; x_wconf 83' lang='lat' dir='ltr'>sec.</span> <span class='ocrx_word' id='word_1_251' title='bbox 598 2136 671 2180; x_wconf 88' lang='lat' dir='ltr'>m.)</span> <span class='ocrx_word' id='word_1_252' title='bbox 701 2149 786 2169; x_wconf 85' lang='lat' dir='ltr'>cura</span> <span class='ocrx_word' id='word_1_253' title='bbox 809 2135 896 2177; x_wconf 77' lang='lat' dir='ltr'>ejus.</span> <span class='ocrx_word' id='word_1_254' title='bbox 1126 2139 1311 2179; x_wconf 69' lang='lat' dir='ltr'>concepta.</span> <span class='ocrx_word' id='word_1_255' title='bbox 1342 2133 1429 2167; x_wconf 86' lang='lat' dir='ltr'>Hoc</span> <span class='ocrx_word' id='word_1_256' title='bbox 1448 2129 1612 2175; x_wconf 82' lang='lat' dir='ltr'>conjecit</span> 
     </span>
     <span class='ocr_line' id='line_1_31' title="bbox 285 2187 1608 2238; baseline -0.003 -14"><span class='ocrx_word' id='word_1_257' title='bbox 285 2191 439 2238; x_wconf 83' lang='lat' dir='ltr'>Regius,</span> <span class='ocrx_word' id='word_1_258' title='bbox 451 2189 549 2225; x_wconf 86' lang='lat' dir='ltr'>male</span> <span class='ocrx_word' id='word_1_259' title='bbox 563 2191 801 2238; x_wconf 74' lang='lat' dir='ltr'>improbatus</span> <span class='ocrx_word' id='word_1_260' title='bbox 811 2188 943 2225; x_wconf 84' lang='lat' dir='ltr'>Badio.</span> <span class='ocrx_word' id='word_1_261' title='bbox 954 2187 1067 2224; x_wconf 83' lang='lat' dir='ltr'>Libri</span> <span class='ocrx_word' id='word_1_262' title='bbox 1083 2187 1240 2236; x_wconf 84' lang='lat' dir='ltr'>quidem</span> <span class='ocrx_word' id='word_1_263' title='bbox 1258 2199 1388 2238; x_wconf 80' lang='lat' dir='ltr'>qmnes</span> <span class='ocrx_word' id='word_1_264' title='bbox 1405 2193 1608 2233; x_wconf 83' lang='lat' dir='ltr'>conceptae.</span> 
     </span>
    </p>

    <p class='ocr_par' dir='ltr' id='par_1_5' title="bbox 285 2239 1612 2569">
     <span class='ocr_line' id='line_1_32' title="bbox 375 2239 1607 2293; baseline -0.006 -12"><span class='ocrx_word' id='word_1_265' title='bbox 375 2257 438 2282; x_wconf 84' lang='lat'>21.</span> <span class='ocrx_word' id='word_1_266' title='bbox 487 2246 665 2281; x_wconf 78' lang='lat' dir='ltr'>altiorem.</span> <span class='ocrx_word' id='word_1_267' title='bbox 717 2246 779 2292; x_wconf 60' lang='lat' dir='ltr'>§ic</span> <span class='ocrx_word' id='word_1_268' title='bbox 815 2243 940 2280; x_wconf 76' lang='lat' dir='ltr'>Guelf.</span> <span class='ocrx_word' id='word_1_269' title='bbox 974 2256 1060 2278; x_wconf 88' lang='lat' dir='ltr'>cum</span> <span class='ocrx_word' id='word_1_270' title='bbox 1095 2241 1242 2290; x_wconf 83' lang='lat' dir='ltr'>Gryph.</span> <span class='ocrx_word' id='word_1_271' title='bbox 1273 2241 1450 2293; x_wconf 70' lang='lat'>(1556.)</span> <span class='ocrx_word' id='word_1_272' title='bbox 1480 2239 1607 2287; x_wconf 58' lang='lat' dir='ltr'>Qolin.</span> 
     </span>
     <span class='ocr_line' id='line_1_33' title="bbox 285 2297 1612 2348; baseline -0.008 -9"><span class='ocrx_word' id='word_1_273' title='bbox 285 2301 430 2346; x_wconf 63' lang='lat' dir='ltr'>Vidov.</span> <span class='ocrx_word' id='word_1_274' title='bbox 461 2314 580 2348; x_wconf 83' lang='lat' dir='ltr'>marg.</span> <span class='ocrx_word' id='word_1_275' title='bbox 612 2300 720 2336; x_wconf 84' lang='lat' dir='ltr'>Basil.</span> <span class='ocrx_word' id='word_1_276' title='bbox 743 2299 837 2337; x_wconf 84' lang='lat' dir='ltr'>Obr.</span> <span class='ocrx_word' id='word_1_277' title='bbox 873 2301 1056 2346; x_wconf 80' lang='lat' dir='ltr'>aptiorem</span> <span class='ocrx_word' id='word_1_278' title='bbox 1077 2297 1204 2332; x_wconf 82' lang='lat' dir='ltr'>Turic.</span> <span class='ocrx_word' id='word_1_279' title='bbox 1235 2297 1336 2332; x_wconf 86' lang='lat' dir='ltr'>Flor.</span> <span class='ocrx_word' id='word_1_280' title='bbox 1357 2297 1486 2343; x_wconf 84' lang='lat' dir='ltr'>Camp.</span> <span class='ocrx_word' id='word_1_281' title='bbox 1522 2306 1612 2329; x_wconf 85' lang='lat' dir='ltr'>cum</span> 
     </span>
     <span class='ocr_line' id='line_1_34' title="bbox 287 2348 1610 2402; baseline -0.005 -11"><span class='ocrx_word' id='word_1_282' title='bbox 287 2357 401 2391; x_wconf 77' lang='lat' dir='ltr'>Bern.</span> <span class='ocrx_word' id='word_1_283' title='bbox 430 2357 476 2392; x_wconf 82' lang='lat' dir='ltr'>cf.</span> <span class='ocrx_word' id='word_1_284' title='bbox 502 2367 563 2396; x_wconf 86' lang='lat'>10,</span> <span class='ocrx_word' id='word_1_285' title='bbox 600 2369 633 2396; x_wconf 84' lang='lat'>1,</span> <span class='ocrx_word' id='word_1_286' title='bbox 668 2356 730 2399; x_wconf 79' lang='lat'>63.</span> <span class='ocrx_word' id='word_1_287' title='bbox 773 2353 930 2401; x_wconf 84' lang='lat' dir='ltr'>Reliqui</span> <span class='ocrx_word' id='word_1_288' title='bbox 958 2356 1188 2402; x_wconf 82' lang='lat' dir='ltr'>apertiorem.</span> <span class='ocrx_word' id='word_1_289' title='bbox 1228 2353 1326 2388; x_wconf 87' lang='lat' dir='ltr'>Mox</span> <span class='ocrx_word' id='word_1_290' title='bbox 1350 2351 1480 2386; x_wconf 78' lang='lat' dir='ltr'>Turic.</span> <span class='ocrx_word' id='word_1_291' title='bbox 1506 2348 1610 2387; x_wconf 77' lang='lat' dir='ltr'>Flor-</span> 
     </span>
     <span class='ocr_line' id='line_1_35' title="bbox 289 2405 1608 2451; baseline -0.007 -5"><span class='ocrx_word' id='word_1_292' title='bbox 289 2421 426 2446; x_wconf 85' lang='lat' dir='ltr'>motum</span> <span class='ocrx_word' id='word_1_293' title='bbox 447 2412 591 2451; x_wconf 82' lang='lat' dir='ltr'>animis,</span> <span class='ocrx_word' id='word_1_294' title='bbox 621 2411 687 2446; x_wconf 87' lang='lat' dir='ltr'>hic</span> <span class='ocrx_word' id='word_1_295' title='bbox 709 2410 833 2447; x_wconf 82' lang='lat' dir='ltr'>deleto</span> <span class='ocrx_word' id='word_1_296' title='bbox 857 2422 875 2443; x_wconf 84' lang='lat' dir='ltr'>a</span> <span class='ocrx_word' id='word_1_297' title='bbox 896 2410 963 2445; x_wconf 87' lang='lat' dir='ltr'>sec.</span> <span class='ocrx_word' id='word_1_298' title='bbox 985 2422 1035 2444; x_wconf 88' lang='lat' dir='ltr'>m.</span> <span class='ocrx_word' id='word_1_299' title='bbox 1055 2411 1092 2444; x_wconf 82' lang='lat' dir='ltr'>S.</span> <span class='ocrx_word' id='word_1_300' title='bbox 1303 2407 1453 2443; x_wconf 82' lang='lat' dir='ltr'>vultum.</span> <span class='ocrx_word' id='word_1_301' title='bbox 1477 2405 1608 2440; x_wconf 68' lang='lat' dir='ltr'>Turio.</span> 
     </span>
     <span class='ocr_line' id='line_1_36' title="bbox 287 2460 1611 2515; baseline -0.005 -15"><span class='ocrx_word' id='word_1_302' title='bbox 287 2466 390 2501; x_wconf 82' lang='lat' dir='ltr'>Flor.</span> <span class='ocrx_word' id='word_1_303' title='bbox 419 2471 458 2512; x_wconf 87' lang='lat' dir='ltr'>(a</span> <span class='ocrx_word' id='word_1_304' title='bbox 487 2480 546 2515; x_wconf 85' lang='lat' dir='ltr'>pr.</span> <span class='ocrx_word' id='word_1_305' title='bbox 576 2479 627 2502; x_wconf 90' lang='lat' dir='ltr'>m.</span> <span class='ocrx_word' id='word_1_306' title='bbox 660 2467 838 2514; x_wconf 76' lang='lat' dir='ltr'>uterque)</span> <span class='ocrx_word' id='word_1_307' title='bbox 882 2465 1059 2499; x_wconf 73' lang='lat' dir='ltr'>volutum.</span> <span class='ocrx_word' id='word_1_308' title='bbox 1329 2460 1442 2511; x_wconf 80' lang='lat' dir='ltr'>fimul</span> <span class='ocrx_word' id='word_1_309' title='bbox 1472 2468 1611 2495; x_wconf 74' lang='lat' dir='ltr'>vortere</span> 
     </span>
     <span class='ocr_line' id='line_1_37' title="bbox 288 2514 1607 2569; baseline -0.005 -14"><span class='ocrx_word' id='word_1_310' title='bbox 288 2521 384 2556; x_wconf 78' lang='lat' dir='ltr'>latus</span> <span class='ocrx_word' id='word_1_311' title='bbox 411 2531 446 2557; x_wconf 84' lang='lat' dir='ltr'>et</span> <span class='ocrx_word' id='word_1_312' title='bbox 467 2523 622 2557; x_wconf 81' lang='lat' dir='ltr'>interim.</span> <span class='ocrx_word' id='word_1_313' title='bbox 651 2521 782 2556; x_wconf 83' lang='lat' dir='ltr'>Turio.</span> <span class='ocrx_word' id='word_1_314' title='bbox 806 2519 899 2569; x_wconf 85' lang='lat' dir='ltr'>finti</span> <span class='ocrx_word' id='word_1_315' title='bbox 919 2514 1038 2555; x_wconf 71' lang='lat' dir='ltr'>elatus</span> <span class='ocrx_word' id='word_1_316' title='bbox 1059 2520 1083 2553; x_wconf 85' lang='lat' dir='ltr'>i.</span> <span class='ocrx_word' id='word_1_317' title='bbox 1096 2543 1107 2558; x_wconf 87' lang='lat'>‚</span> <span class='ocrx_word' id='word_1_318' title='bbox 1140 2532 1160 2553; x_wconf 81' lang='lat' dir='ltr'>a</span> <span class='ocrx_word' id='word_1_319' title='bbox 1178 2518 1245 2554; x_wconf 81' lang='lat' dir='ltr'>[ee.</span> <span class='ocrx_word' id='word_1_320' title='bbox 1265 2529 1318 2552; x_wconf 88' lang='lat' dir='ltr'>m.</span> <span class='ocrx_word' id='word_1_321' title='bbox 1339 2514 1453 2565; x_wconf 73' lang='lat' dir='ltr'>fintie</span> <span class='ocrx_word' id='word_1_322' title='bbox 1473 2514 1567 2550; x_wconf 82' lang='lat' dir='ltr'>latus</span> <span class='ocrx_word' id='word_1_323' title='bbox 1584 2515 1607 2549; x_wconf 84' lang='grc' dir='ltr'>ἰ.</span> 
     </span>
    </p>
   </div>
   <div class='ocr_carea' id='block_1_4' title="bbox 287 2634 1612 2740">
    <p class='ocr_par' dir='ltr' id='par_1_6' title="bbox 287 2634 1612 2740">
     <span class='ocr_line' id='line_1_38' title="bbox 347 2634 1612 2690; baseline -0.006 -13"><span class='ocrx_word' id='word_1_324' title='bbox 347 2643 488 2678; x_wconf 82' lang='lat' dir='ltr'>tardior</span> <span class='ocrx_word' id='word_1_325' title='bbox 501 2662 553 2670; x_wconf 91' lang='lat'>-—</span> <span class='ocrx_word' id='word_1_326' title='bbox 563 2640 764 2690; x_wconf 84' lang='lat' dir='ltr'>offensator</span> <span class='ocrx_word' id='word_1_327' title='bbox 792 2640 922 2689; x_wconf 79' lang='lat' dir='ltr'>fuerit.</span> <span class='ocrx_word' id='word_1_328' title='bbox 1039 2650 1061 2675; x_wconf 85' lang='lat'>2</span> <span class='ocrx_word' id='word_1_329' title='bbox 1070 2652 1102 2674; x_wconf 87' lang='lat'>1.</span> <span class='ocrx_word' id='word_1_330' title='bbox 1124 2637 1236 2686; x_wconf 85' lang='lat' dir='ltr'>simul</span> <span class='ocrx_word' id='word_1_331' title='bbox 1245 2655 1300 2665; x_wconf 91' lang='lat'>—</span> <span class='ocrx_word' id='word_1_332' title='bbox 1311 2637 1514 2684; x_wconf 83' lang='lat' dir='ltr'>objurgare.</span> <span class='ocrx_word' id='word_1_333' title='bbox 1530 2634 1612 2671; x_wconf 81' lang='lat' dir='ltr'>vid.</span> 
     </span>
     <span class='ocr_line' id='line_1_39' title="bbox 287 2690 1611 2740; baseline -0.008 -4"><span class='ocrx_word' id='word_1_334' title='bbox 287 2698 368 2736; x_wconf 76' lang='lat' dir='ltr'>vid.</span> <span class='ocrx_word' id='word_1_335' title='bbox 390 2709 470 2735; x_wconf 83' lang='lat' dir='ltr'>not.</span> <span class='ocrx_word' id='word_1_336' title='bbox 495 2698 579 2733; x_wconf 81' lang='lat' dir='ltr'>crit.</span> <span class='ocrx_word' id='word_1_337' title='bbox 980 2705 1061 2732; x_wconf 86' lang='lat' dir='ltr'>not.</span> <span class='ocrx_word' id='word_1_338' title='bbox 1078 2695 1162 2730; x_wconf 82' lang='lat' dir='ltr'>crit.</span> <span class='ocrx_word' id='word_1_339' title='bbox 1194 2694 1298 2740; x_wconf 72' lang='lat' dir='ltr'>Quae</span> <span class='ocrx_word' id='word_1_340' title='bbox 1316 2692 1381 2727; x_wconf 83' lang='lat' dir='ltr'>hic</span> <span class='ocrx_word' id='word_1_341' title='bbox 1398 2691 1471 2727; x_wconf 69' lang='lat' dir='ltr'>nisi</span> <span class='ocrx_word' id='word_1_342' title='bbox 1487 2690 1611 2726; x_wconf 75' lang='lat' dir='ltr'>solum</span> 
     </span>
    </p>
   </div>
  </div>
 </body>
</html>
