1676 3028
320 240 417 286 266
629 241 703 287 M.
737 226 869 286 ΕΑΒ.
906 241 1312 301 QUINTlLIANI
1352 283 1359 290 ,
1530 260 1543 284 κ
1611 230 1618 238 ”

247 376 298 420 65
319 365 563 413 Avertere
606 378 818 428 quoque
847 363 904 410 in
950 363 1078 411 alios
1112 364 1306 412 crimen
1335 365 1506 426 decet,
1564 381 1627 419 ut

315 437 499 487 fraude
521 440 820 500 aliquorum
842 437 1039 486 concita
1074 438 1335 488 credatur:
1371 451 1420 488 et
1451 445 1626 492 omnia

314 531 414 562 nos
446 511 699 579 passuros,
752 513 889 559 nihil
918 510 1089 577 aspere
1120 513 1376 574 dicturos,
1446 516 1628 583 testan-

315 589 479 636 dum:
553 597 613 635 ut
657 586 990 636 etiamsinon
1036 586 1300 652 possumus
1332 592 1628 650 conviciari,

316 664 458 712 nolle
482 662 771 711 videamur.
849 664 1032 719 Etiam,
1053 662 1095 710 si
1122 663 1250 728 quid
1276 666 1628 724 obiiciendum

316 738 435 792 erit,
476 736 704 785 officium
737 736 808 784 est
837 739 1065 802 patroni,
1106 749 1166 786 ut
1200 739 1257 786 id.
1285 739 1401 789 filio
1442 742 1629 800 invito,

235 828 242 836 ·
314 811 403 860 sed
426 810 535 859 fide
555 823 785 876 cogente,
820 813 986 860 facere
1026 814 1272 862 credatur.
1348 819 1420 863 Ita
1438 819 1630 881 poterit

314 897 536 950 uterque
567 887 782 936 laudari.
881 888 1037 956 Quod
1073 889 1137 936 de
1168 900 1327 938 matre
1364 891 1497 948 dixi,
1563 892 1632 940 de'

314 972 541 1027 utroque
560 974 771 1029 parente
793 963 1152 1031 accipiendum
1171 963 1255 1013 est.
1333 968 1471 1014 Nam
1490 969 1629 1016 inter
1661 982 1673 989 ”

313 1135 359 1173 cf.
385 1136 422 1177 6,
460 1151 493 1176 1,
524 1147 588 1180 51.
621 1137 743 1172 Modo
761 1137 891 1172 Ambr.
917 1148 952 1174 2.
985 1138 1193 1174 crederetur.
1220 1137 1266 1174 cf.
1289 1144 1331 1181 5,
1368 1150 1431 1179 11,
1465 1145 1499 1182 4.
1532 1140 1629 1174 Mox

313 1191 439 1226 Guelf.
466 1194 556 1227 Exc.
587 1195 735 1227 Samen.
766 1193 963 1229 advertere.

397 1247 459 1289 65.
501 1247 639 1295 fraude
668 1248 885 1296 aliquorum.
935 1250 1066 1284 Turic-
1094 1249 1224 1284 inserit
1274 1250 1368 1285 ultro
1408 1248 1630 1297 miserabiler⁴

318 1302 523 1348 repetendo
553 1317 646 1350 quae
669 1303 766 1337 forte
797 1314 901 1338 erant
921 1304 962 1339 in
985 1303 1174 1351 superiore
1193 1305 1324 1345 versu,
1315 1319 1323 1327 ·
1345 1315 1380 1340 et
1412 1317 1503 1339 mox
1523 1305 1625 1340 idem

310 1356 452 1391 dicturo
485 1370 571 1392 cum
592 1357 693 1393 Flor.
922 1361 1072 1395 concita.
1105 1359 1233 1406 Camp.
1265 1362 1456 1395 concitata.

392 1410 583 1459 poffumuS.
634 1413 694 1449 Sic
721 1413 1002 1459 F1012(Turic.
1037 1414 1192 1462 quidem
1229 1413 1389 1463 poffum,
1423 1415 1483 1449 sed
1512 1415 1625 1451 unius

308 1466 473 1513 syllabae
505 1467 710 1508 inteivallo
745 1468 899 1511 ιεὶίοῑο)
929 1469 1059 1504 Ambr.
1084 1480 1118 1504 2.
1155 1469 1284 1517 Camp.
1315 1483 1399 1504 cum
1432 1469 1514 1504 edd.
1545 1481 1630 1505 ante

309 1512 645 1570 Grypl1.ne1iq31i
673 1522 854 1571 poffimus.
911 1525 1014 1558 Huic
1044 1534 1168 1559 autem
1201 1524 1322 1559 verbo
1356 1524 1445 1559 inde
1478 1537 1497 1558 a
1518 1523 1626 1559 Bam.

305 1577 434 1624 primo
471 1577 670 1622 subjicitur
701 1591 792 1616 non,
839 1579 944 1625 quod
975 1578 1074 1613 abest
1102 1579 1146 1613 ab
1185 1579 1365 1614 omnibus
1398 1579 1466 1626 qui
1497 1578 1628 1614 collati

303 1631 389 1666 sunt
416 1632 527 1667 MSS.
738 1632 828 1678 filio
868 1635 997 1670 invito.
1030 1634 1159 1668 Turic-
1194 1634 1324 1681 Camp.
1362 1634 1532 1669 inserunt
1555 1632 1624 1681 suo
1659 1659 1666 1670 ι

305 1697 392 1721 eum
424 1686 524 1722 Alm.
554 1700 633 1723 non
660 1687 760 1722 Flor.
793 1689 856 1732 (cf.
882 1691 913 1734 ᾗ.
939 1691 1019 1735 59.)
1059 1689 1179 1723 Modo
1211 1689 1249 1722 id
1277 1687 1379 1724 Flor.
1414 1690 1452 1734 (a
1473 1702 1530 1737 pr.
1551 1687 1624 1734 m.)

304 1741 472 1781 omittit;
502 1753 537 1778 et
559 1756 653 1778 mox
670 1743 800 1777 Turio.
832 1744 893 1778 dat
923 1743 1083 1783 laudare,
1115 1755 1203 1778 cum
1223 1742 1324 1778 Alm.

291 1893 394 1942 sum,
432 1894 548 1941 petita
579 1894 855 1942 significatione
887 1896 931 1932 ab
988 1894 1310 1943 ignominiosum;
1342 1895 1403 1930 sed
1430 1895 1518 1942 quis
1546 1894 1622 1931 hoc

299 1961 344 1983 eo
367 1949 468 1995 quod
491 1951 689 1997 usurpatur
711 1951 804 1986 ultro
827 1953 932 1986 citro-
989 1950 1152 1999 appellet
1191 1952 1406 1990 conviciari,
1463 1951 1506 1984 in
1542 1964 1620 1998 quo

297 2016 375 2052 que.
405 2004 450 2039 cs.
473 2004 666 2040 Drakenb.
694 2006 738 2039 ad
760 2007 846 2041 Liv.
868 2014 929 2048 120,
986 2006 1131 2053 semper
1161 2006 1209 2040 est
1241 2004 1418 2040 voluntas
1441 2015 1476 2039 et
1493 2003 1617 2040 libido

300 2068 373 2097 12,
403 2064 438 2101 4.
478 2060 615 2106 Ne‘que
646 2071 770 2095 tamen
798 2061 932 2095 suffieit
985 2061 1148 2106 injuriae
1198 2058 1445 2095 inferendae?
1494 2073 1618 2107 neque

297 2114 404 2159 quod
437 2123 474 2148 et
509 2114 567 2149 ibi
595 2115 789 2151 Drakenb.
826 2127 862 2151 et
887 2116 930 2150 in
987 2129 1057 2163 ego
1089 2114 1368 2162 Quintilianum
1405 2125 1500 2163 puto
1538 2115 1618 2149 cui-
1650 2134 1655 2152 ι

297 2167 489 2203 Thesauro
527 2169 708 2206 Gesnerus
744 2171 929 2219 interpre-
986 2183 1098 2218 quam
1129 2171 1204 2207 hoc
1244 2171 1523 2210 concessurum,
1574 2180 1617 2206 ut

295 2231 463 2258 tamento
489 2224 673 2262 adhibent
696 2224 847 2275 insuper.
985 2226 1188 2273 aliquando
1219 2225 1360 2260 necesse
1387 2225 1503 2260 fuerit
1535 2238 1616 2259 con-

352 2277 415 2320 65.
477 2282 618 2315 concita
637 2307 647 2322 ,
730 2281 924 2329 intellige:
982 2283 1110 2317 viciari
1156 2281 1279 2316 matri.
1367 2283 1491 2315 Immo
1538 2279 1614 2314 hoc

293 2343 440 2372 „mater
457 2334 498 2369 in
516 2334 685 2372 filium.“
982 2335 1068 2372 vult
1090 2336 1241 2375 rhetor,
1270 2335 1463 2370 remissum
1487 2333 1614 2368 videri
1660 2381 1661 2386 1

349 2398 389 2422 ut
438 2389 580 2438 etiamsi
628 2405 702 2427 non
743 2390 927 2440 poffumus
982 2392 1107 2432 matri,
1140 2391 1244 2439 quod
1264 2391 1420 2426 omnino
1439 2389 1529 2424 fieri
1547 2402 1612 2424 ne-

292 2444 508 2485 conviciari‚
567 2447 667 2482 nolle
726 2448 923 2483 videamur.
982 2446 1134 2494 quibat,
1162 2457 1206 2481 ut
1234 2445 1367 2494 pietati
1391 2455 1609 2492 reponatur,
1659 2477 1669 2493 *—

293 2498 408 2542 Quod
426 2499 490 2534 hic
513 2512 532 2534 a
551 2501 826 2537 recentioribus
846 2503 927 2549 post
984 2502 1087 2548 quod
1121 2500 1339 2536 necessitatis
1371 2499 1432 2536 est.
1486 2501 1534 2534 Et
1562 2499 1612 2532 sic

289 2550 470 2599 poffumus
501 2555 678 2592 inseritur
707 2570 778 2592 non
808 2557 926 2591 sensui
978 2556 1149 2590 ,reddidit
1162 2556 1379 2602 Gedoynus.
1401 2553 1634 2603 Respondet‘

288 2618 528 2655 nequaquam
570 2613 762 2647 conducit
838 2612 925 2646 Erit
982 2610 1140 2646 alterum
1167 2622 1260 2645 mox
1279 2608 1421 2658 siquid
1442 2609 1612 2652 objicien-

290 2660 392 2695 enim
422 2677 495 2698 non
514 2665 614 2715 poffe
633 2680 705 2702 non
732 2668 924 2702 conviciari
979 2667 1065 2701 dum
1085 2667 1248 2701 eric.1n
1267 2665 1422 2698 nolendo
1443 2663 1490 2699 cf.
1513 2675 1549 2709 9,
1571 2675 1607 2706 2,

287 2714 352 2751 vel
387 2717 558 2755 invitum
607 2721 756 2772 aliquid
796 2721 921 2758 dicere
979 2729 1044 2765 72.
1072 2721 1166 2757 item
1189 2719 1282 2757 velle
1303 2719 1400 2765 ibid,
1410 2722 1462 2768 ᾖ.
1488 2718 1552 2762 76.
