<?xml version="1.0" encoding="UTF-8"?>
<!DOCTYPE html PUBLIC "-//W3C//DTD XHTML 1.0 Transitional//EN"
    "http://www.w3.org/TR/xhtml1/DTD/xhtml1-transitional.dtd">
<html xmlns="http://www.w3.org/1999/xhtml" xml:lang="en" lang="en">
 <head>
  <title>
</title>
<meta http-equiv="Content-Type" content="text/html;charset=utf-8" />
  <meta name='ocr-system' content='tesseract 3.04.00' />
  <meta name='ocr-capabilities' content='ocr_page ocr_carea ocr_par ocr_line ocrx_word'/>
</head>
<body>
  <div class='ocr_page' id='page_1' title='image "./lexiconquintilia04bonnuoft_0136.png"; bbox 0 0 1676 3028; ppageno 0'>
   <div class='ocr_carea' id='block_1_1' title="bbox 280 235 1282 300">
    <p class='ocr_par' dir='ltr' id='par_1_1' title="bbox 280 235 1282 300">
     <span class='ocr_line' id='line_1_1' title="bbox 280 235 1282 300; baseline 0.01 -22"><span class='ocrx_word' id='word_1_1' title='bbox 280 235 377 300; x_wconf 55' lang='lat'>206</span> <span class='ocrx_word' id='word_1_2' title='bbox 595 237 668 283; x_wconf 87' lang='lat' dir='ltr'>M.</span> <span class='ocrx_word' id='word_1_3' title='bbox 706 238 838 283; x_wconf 85' lang='lat' dir='ltr'><strong>FAB.</strong></span> <span class='ocrx_word' id='word_1_4' title='bbox 875 239 1282 300; x_wconf 81' lang='lat' dir='ltr'><strong>QUINTILIANI</strong></span> 
     </span>
    </p>
   </div>
   <div class='ocr_carea' id='block_1_2' title="bbox 194 360 1593 881">
    <p class='ocr_par' dir='ltr' id='par_1_2' title="bbox 194 360 1593 881">
     <span class='ocr_line' id='line_1_2' title="bbox 280 360 1592 433; baseline 0.01 -27"><span class='ocrx_word' id='word_1_5' title='bbox 280 360 490 423; x_wconf 54' lang='lat' dir='ltr'>gratia:</span> <span class='ocrx_word' id='word_1_6' title='bbox 524 369 629 408; x_wconf 86' lang='lat' dir='ltr'>tam</span> <span class='ocrx_word' id='word_1_7' title='bbox 664 361 947 411; x_wconf 84' lang='lat' dir='ltr'>candidum</span> <span class='ocrx_word' id='word_1_8' title='bbox 977 374 1028 412; x_wconf 84' lang='lat' dir='ltr'>et</span> <span class='ocrx_word' id='word_1_9' title='bbox 1057 365 1172 414; x_wconf 87' lang='lat' dir='ltr'>lene</span> <span class='ocrx_word' id='word_1_10' title='bbox 1211 377 1261 415; x_wconf 89' lang='lat' dir='ltr'>et</span> <span class='ocrx_word' id='word_1_11' title='bbox 1305 365 1592 433; x_wconf 79' lang='lat' dir='ltr'>speciosum</span> 
     </span>
     <span class='ocr_line' id='line_1_3' title="bbox 279 433 1592 508; baseline 0.01 -27"><span class='ocrx_word' id='word_1_12' title='bbox 279 433 490 483; x_wconf 84' lang='lat' dir='ltr'>dicendi</span> <span class='ocrx_word' id='word_1_13' title='bbox 528 453 719 500; x_wconf 86' lang='lat' dir='ltr'>genus:</span> <span class='ocrx_word' id='word_1_14' title='bbox 761 447 896 485; x_wconf 86' lang='lat' dir='ltr'>tanta</span> <span class='ocrx_word' id='word_1_15' title='bbox 923 440 1230 499; x_wconf 84' lang='lat' dir='ltr'>verborum,</span> <span class='ocrx_word' id='word_1_16' title='bbox 1275 445 1430 493; x_wconf 81' lang='lat' dir='ltr'>etiam</span> <span class='ocrx_word' id='word_1_17' title='bbox 1461 461 1592 508; x_wconf 82' lang='lat' dir='ltr'>quae</span> 
     </span>
     <span class='ocr_line' id='line_1_4' title="bbox 279 508 1592 582; baseline 0.008 -25"><span class='ocrx_word' id='word_1_18' title='bbox 279 508 489 558; x_wconf 79' lang='lat' dir='ltr'>affumta</span> <span class='ocrx_word' id='word_1_19' title='bbox 509 510 643 569; x_wconf 84' lang='lat' dir='ltr'>sunt,</span> <span class='ocrx_word' id='word_1_20' title='bbox 681 515 995 577; x_wconf 82' lang='lat' dir='ltr'>proprietas:</span> <span class='ocrx_word' id='word_1_21' title='bbox 1039 525 1176 564; x_wconf 83' lang='lat' dir='ltr'>tanta</span> <span class='ocrx_word' id='word_1_22' title='bbox 1203 519 1258 565; x_wconf 90' lang='lat' dir='ltr'>in</span> <span class='ocrx_word' id='word_1_23' title='bbox 1282 519 1592 582; x_wconf 86' lang='lat' dir='ltr'><strong>quibusdam</strong></span> 
     </span>
     <span class='ocr_line' id='line_1_5' title="bbox 194 587 1593 653; baseline 0.008 -22"><span class='ocrx_word' id='word_1_24' title='bbox 194 596 267 622; x_wconf 81' lang='lat'>¹22</span> <span class='ocrx_word' id='word_1_25' title='bbox 281 602 343 632; x_wconf 88' lang='lat' dir='ltr'>ex</span> <span class='ocrx_word' id='word_1_26' title='bbox 373 587 606 650; x_wconf 85' lang='lat' dir='ltr'>periculo</span> <span class='ocrx_word' id='word_1_27' title='bbox 646 589 817 651; x_wconf 83' lang='lat' dir='ltr'>petitis</span> <span class='ocrx_word' id='word_1_28' title='bbox 858 588 1200 653; x_wconf 82' lang='lat' dir='ltr'>fignificantia.</span> <span class='ocrx_word' id='word_1_29' title='bbox 1314 591 1593 644; x_wconf 69' lang='lat' dir='ltr'>Habeb&#39;unt</span> 
     </span>
     <span class='ocr_line' id='line_1_6' title="bbox 277 661 1593 734; baseline 0.008 -27"><span class='ocrx_word' id='word_1_30' title='bbox 277 662 371 724; x_wconf 90' lang='lat' dir='ltr'>qui</span> <span class='ocrx_word' id='word_1_31' title='bbox 390 661 502 725; x_wconf 82' lang='lat' dir='ltr'>post</span> <span class='ocrx_word' id='word_1_32' title='bbox 524 679 620 710; x_wconf 85' lang='lat' dir='ltr'>nos</span> <span class='ocrx_word' id='word_1_33' title='bbox 655 662 720 709; x_wconf 83' lang='lat' dir='ltr'>de</span> <span class='ocrx_word' id='word_1_34' title='bbox 753 665 1042 713; x_wconf 87' lang='lat' dir='ltr'>oratoribus</span> <span class='ocrx_word' id='word_1_35' title='bbox 1081 664 1317 725; x_wconf 81' lang='lat' dir='ltr'>scribent,</span> <span class='ocrx_word' id='word_1_36' title='bbox 1355 686 1593 734; x_wconf 85' lang='lat' dir='ltr'>magnam</span> 
     </span>
     <span class='ocr_line' id='line_1_7' title="bbox 277 737 1593 801; baseline 0.007 -18"><span class='ocrx_word' id='word_1_37' title='bbox 277 752 382 792; x_wconf 79' lang='lat' dir='ltr'>eos,</span> <span class='ocrx_word' id='word_1_38' title='bbox 407 737 500 800; x_wconf 88' lang='lat' dir='ltr'>qui</span> <span class='ocrx_word' id='word_1_39' title='bbox 522 754 664 785; x_wconf 88' lang='lat' dir='ltr'>nunc</span> <span class='ocrx_word' id='word_1_40' title='bbox 687 738 881 801; x_wconf 82' lang='lat' dir='ltr'>vigent,</span> <span class='ocrx_word' id='word_1_41' title='bbox 899 742 1163 789; x_wconf 83' lang='lat' dir='ltr'>materiam</span> <span class='ocrx_word' id='word_1_42' title='bbox 1185 759 1308 790; x_wconf 86' lang='lat' dir='ltr'>vere</span> <span class='ocrx_word' id='word_1_43' title='bbox 1329 743 1593 793; x_wconf 83' lang='lat' dir='ltr'>laudandi.</span> 
     </span>
     <span class='ocr_line' id='line_1_8' title="bbox 276 811 1592 881; baseline 0.006 -22"><span class='ocrx_word' id='word_1_44' title='bbox 276 813 408 859; x_wconf 88' lang='lat' dir='ltr'><strong>Sunt</strong></span> <span class='ocrx_word' id='word_1_45' title='bbox 442 811 584 858; x_wconf 81' lang='lat' dir='ltr'>enim</span> <span class='ocrx_word' id='word_1_46' title='bbox 615 811 814 861; x_wconf 82' lang='lat' dir='ltr'>summa</span> <span class='ocrx_word' id='word_1_47' title='bbox 842 814 1028 873; x_wconf 78' lang='lat' dir='ltr'>hodie,</span> <span class='ocrx_word' id='word_1_48' title='bbox 1086 818 1278 881; x_wconf 68' lang='lat' dir='ltr'><strong>quibus</strong></span> <span class='ocrx_word' id='word_1_49' title='bbox 1309 817 1592 868; x_wconf 78' lang='lat' dir='ltr'>illustratur</span> 
     </span>
    </p>
   </div>
   <div class='ocr_carea' id='block_1_3' title="bbox 271 953 1596 1721">
    <p class='ocr_par' dir='ltr' id='par_1_3' title="bbox 272 953 1596 1497">
     <span class='ocr_line' id='line_1_9' title="bbox 355 953 1593 1006; baseline 0.007 -20"><span class='ocrx_word' id='word_1_50' title='bbox 355 954 497 999; x_wconf 77' lang='lat' dir='ltr'>gratia:</span> <span class='ocrx_word' id='word_1_51' title='bbox 531 961 616 989; x_wconf 82' lang='lat' dir='ltr'>tam.</span> <span class='ocrx_word' id='word_1_52' title='bbox 675 953 806 990; x_wconf 82' lang='lat' dir='ltr'><strong>Turic.</strong></span> <span class='ocrx_word' id='word_1_53' title='bbox 836 964 1007 1002; x_wconf 67' lang='lat' dir='ltr'>gratam:</span> <span class='ocrx_word' id='word_1_54' title='bbox 1047 970 1067 991; x_wconf 92' lang='lat' dir='ltr'>a</span> <span class='ocrx_word' id='word_1_55' title='bbox 1098 958 1165 992; x_wconf 83' lang='lat' dir='ltr'>see.</span> <span class='ocrx_word' id='word_1_56' title='bbox 1195 971 1311 993; x_wconf 86' lang='lat' dir='ltr'>manu</span> <span class='ocrx_word' id='word_1_57' title='bbox 1337 961 1480 1006; x_wconf 78' lang='lat' dir='ltr'>gratia,</span> <span class='ocrx_word' id='word_1_58' title='bbox 1522 972 1593 995; x_wconf 82' lang='lat' dir='ltr'>nec</span> 
     </span>
     <span class='ocr_line' id='line_1_10' title="bbox 276 1010 1590 1055; baseline 0.007 -14"><span class='ocrx_word' id='word_1_59' title='bbox 276 1017 401 1042; x_wconf 83' lang='lat' dir='ltr'>tamen</span> <span class='ocrx_word' id='word_1_60' title='bbox 437 1010 598 1055; x_wconf 75' lang='lat' dir='ltr'>repofito</span> <span class='ocrx_word' id='word_1_61' title='bbox 630 1017 715 1044; x_wconf 73' lang='lat' dir='ltr'>tam.</span> <span class='ocrx_word' id='word_1_62' title='bbox 987 1012 1076 1046; x_wconf 80' lang='lat' dir='ltr'>lene.</span> <span class='ocrx_word' id='word_1_63' title='bbox 1109 1013 1239 1048; x_wconf 78' lang='lat' dir='ltr'><strong>Turio.</strong></span> <span class='ocrx_word' id='word_1_64' title='bbox 1271 1014 1364 1054; x_wconf 78' lang='lat' dir='ltr'>levo,</span> <span class='ocrx_word' id='word_1_65' title='bbox 1398 1028 1416 1048; x_wconf 84' lang='lat' dir='ltr'>a</span> <span class='ocrx_word' id='word_1_66' title='bbox 1444 1015 1510 1050; x_wconf 85' lang='lat' dir='ltr'>sec.</span> <span class='ocrx_word' id='word_1_67' title='bbox 1539 1027 1590 1050; x_wconf 88' lang='lat' dir='ltr'>m.</span> 
     </span>
     <span class='ocr_line' id='line_1_11' title="bbox 274 1062 1595 1116; baseline 0.006 -20"><span class='ocrx_word' id='word_1_68' title='bbox 274 1062 363 1102; x_wconf 74' lang='lat' dir='ltr'>leve,</span> <span class='ocrx_word' id='word_1_69' title='bbox 392 1073 430 1098; x_wconf 86' lang='lat' dir='ltr'>et</span> <span class='ocrx_word' id='word_1_70' title='bbox 458 1064 504 1098; x_wconf 86' lang='lat' dir='ltr'>fic</span> <span class='ocrx_word' id='word_1_71' title='bbox 534 1062 634 1098; x_wconf 85' lang='lat' dir='ltr'>Flor.</span> <span class='ocrx_word' id='word_1_72' title='bbox 664 1063 787 1100; x_wconf 85' lang='lat' dir='ltr'>Guelf.</span> <span class='ocrx_word' id='word_1_73' title='bbox 823 1078 907 1100; x_wconf 85' lang='lat' dir='ltr'>eum</span> <span class='ocrx_word' id='word_1_74' title='bbox 932 1067 1041 1101; x_wconf 78' lang='lat' dir='ltr'>Bern.</span> <span class='ocrx_word' id='word_1_75' title='bbox 1074 1068 1169 1106; x_wconf 83' lang='lat' dir='ltr'>Jens.</span> <span class='ocrx_word' id='word_1_76' title='bbox 1199 1069 1311 1104; x_wconf 76' lang='lat' dir='ltr'>Taw.</span> <span class='ocrx_word' id='word_1_77' title='bbox 1344 1069 1409 1114; x_wconf 82' lang='lat' dir='ltr'><strong>(cf.</strong></span> <span class='ocrx_word' id='word_1_78' title='bbox 1441 1069 1595 1116; x_wconf 80' lang='lat'>§.&#39;52.)</span> 
     </span>
     <span class='ocr_line' id='line_1_12' title="bbox 273 1118 1594 1171; baseline 0.003 -17"><span class='ocrx_word' id='word_1_79' title='bbox 273 1118 366 1154; x_wconf 87' lang='lat' dir='ltr'>Non</span> <span class='ocrx_word' id='word_1_80' title='bbox 407 1118 658 1166; x_wconf 82' lang='lat' dir='ltr'>improbanda</span> <span class='ocrx_word' id='word_1_81' title='bbox 691 1120 1002 1167; x_wconf 83' lang='lat' dir='ltr'>Capperonnerio</span> <span class='ocrx_word' id='word_1_82' title='bbox 1033 1123 1188 1157; x_wconf 79' lang='lat' dir='ltr'>videtur</span> <span class='ocrx_word' id='word_1_83' title='bbox 1226 1124 1431 1171; x_wconf 52' lang='lat' dir='ltr'>scripturam</span> <span class='ocrx_word' id='word_1_84' title='bbox 1491 1123 1594 1159; x_wconf 84' lang='lat' dir='ltr'><strong>mihi</strong></span> 
     </span>
     <span class='ocr_line' id='line_1_13' title="bbox 272 1173 1594 1229; baseline 0.005 -22"><span class='ocrx_word' id='word_1_85' title='bbox 272 1173 444 1221; x_wconf 80' lang='lat' dir='ltr'>prorsus,</span> <span class='ocrx_word' id='word_1_86' title='bbox 476 1185 563 1208; x_wconf 84' lang='lat' dir='ltr'>cum</span> <span class='ocrx_word' id='word_1_87' title='bbox 592 1174 655 1209; x_wconf 76' lang='lat' dir='ltr'>hic</span> <span class='ocrx_word' id='word_1_88' title='bbox 685 1174 790 1209; x_wconf 76' lang='lat' dir='ltr'>nulla</span> <span class='ocrx_word' id='word_1_89' title='bbox 811 1178 854 1210; x_wconf 83' lang='lat' dir='ltr'>fit</span> <span class='ocrx_word' id='word_1_90' title='bbox 883 1178 1167 1223; x_wconf 76' lang='lat' dir='ltr'>compositionis</span> <span class='ocrx_word' id='word_1_91' title='bbox 1197 1180 1357 1220; x_wconf 82' lang='lat' dir='ltr'>mentio,</span> <span class='ocrx_word' id='word_1_92' title='bbox 1388 1178 1448 1229; x_wconf 77' lang='lat' dir='ltr'>sed</span> <span class='ocrx_word' id='word_1_93' title='bbox 1476 1178 1594 1215; x_wconf 83' lang='lat' dir='ltr'>vehe-</span> 
     </span>
     <span class='ocr_line' id='line_1_14' title="bbox 273 1228 1594 1279; baseline 0.005 -17"><span class='ocrx_word' id='word_1_94' title='bbox 273 1228 396 1263; x_wconf 85' lang='lat' dir='ltr'><strong>menti</strong></span> <span class='ocrx_word' id='word_1_95' title='bbox 434 1239 471 1264; x_wconf 87' lang='lat' dir='ltr'>et</span> <span class='ocrx_word' id='word_1_96' title='bbox 508 1229 603 1264; x_wconf 73' lang='lat' dir='ltr'>forti</span> <span class='ocrx_word' id='word_1_97' title='bbox 642 1240 858 1277; x_wconf 79' lang='lat' dir='ltr'>opponatur</span> <span class='ocrx_word' id='word_1_98' title='bbox 883 1232 962 1265; x_wconf 79' lang='lat' dir='ltr'>lene</span> <span class='ocrx_word' id='word_1_99' title='bbox 992 1232 1027 1267; x_wconf 85' lang='lat' dir='ltr'>d.</span> <span class='ocrx_word' id='word_1_100' title='bbox 1059 1246 1095 1279; x_wconf 81' lang='lat' dir='ltr'>g.</span> <span class='ocrx_word' id='word_1_101' title='bbox 1142 1232 1250 1267; x_wconf 84' lang='lat' dir='ltr'>velut</span> <span class='ocrx_word' id='word_1_102' title='bbox 1292 1243 1360 1275; x_wconf 86' lang='lat'>12,</span> <span class='ocrx_word' id='word_1_103' title='bbox 1421 1246 1490 1275; x_wconf 83' lang='grc' dir='ltr'>ιο,</span> <span class='ocrx_word' id='word_1_104' title='bbox 1529 1233 1594 1269; x_wconf 75' lang='grc'>66.</span> 
     </span>
     <span class='ocr_line' id='line_1_15' title="bbox 274 1283 1593 1337; baseline 0.005 -19"><span class='ocrx_word' id='word_1_105' title='bbox 274 1283 321 1318; x_wconf 83' lang='lat' dir='ltr'>cf.</span> <span class='ocrx_word' id='word_1_106' title='bbox 346 1295 383 1319; x_wconf 89' lang='lat' dir='ltr'>et</span> <span class='ocrx_word' id='word_1_107' title='bbox 404 1295 439 1331; x_wconf 87' lang='lat'>9,</span> <span class='ocrx_word' id='word_1_108' title='bbox 475 1290 510 1327; x_wconf 76' lang='grc'>4,</span> <span class='ocrx_word' id='word_1_109' title='bbox 548 1292 633 1326; x_wconf 80' lang='lat'>150.</span> <span class='ocrx_word' id='word_1_110' title='bbox 673 1284 761 1327; x_wconf 79' lang='lat'>156.</span> <span class='ocrx_word' id='word_1_111' title='bbox 791 1285 856 1319; x_wconf 85' lang='lat' dir='ltr'>hic</span> <span class='ocrx_word' id='word_1_112' title='bbox 876 1289 908 1331; x_wconf 50' lang='grc' dir='ltr'>ᾗ.</span> <span class='ocrx_word' id='word_1_113' title='bbox 933 1291 995 1328; x_wconf 76' lang='grc'>44.</span> <span class='ocrx_word' id='word_1_114' title='bbox 1053 1289 1110 1322; x_wconf 88' lang='lat' dir='ltr'>Eo</span> <span class='ocrx_word' id='word_1_115' title='bbox 1138 1301 1382 1337; x_wconf 81' lang='lat' dir='ltr'>quaecunque</span> <span class='ocrx_word' id='word_1_116' title='bbox 1401 1302 1495 1324; x_wconf 84' lang='lat' dir='ltr'>mox</span> <span class='ocrx_word' id='word_1_117' title='bbox 1512 1288 1593 1324; x_wconf 84' lang='lat' dir='ltr'>lau-</span> 
     </span>
     <span class='ocr_line' id='line_1_16' title="bbox 275 1338 1596 1394; baseline 0.005 -21"><span class='ocrx_word' id='word_1_118' title='bbox 275 1339 413 1374; x_wconf 78' lang='lat' dir='ltr'>dantur</span> <span class='ocrx_word' id='word_1_119' title='bbox 433 1339 473 1374; x_wconf 88' lang='lat' dir='ltr'>in</span> <span class='ocrx_word' id='word_1_120' title='bbox 494 1338 570 1373; x_wconf 87' lang='lat' dir='ltr'>hoc</span> <span class='ocrx_word' id='word_1_121' title='bbox 591 1351 740 1374; x_wconf 83' lang='lat' dir='ltr'>oratore</span> <span class='ocrx_word' id='word_1_122' title='bbox 762 1341 978 1388; x_wconf 84' lang='lat' dir='ltr'>conspirant</span> <span class='ocrx_word' id='word_1_123' title='bbox 997 1343 1146 1383; x_wconf 84' lang='lat' dir='ltr'>omnia;</span> <span class='ocrx_word' id='word_1_124' title='bbox 1175 1344 1217 1377; x_wconf 87' lang='lat' dir='ltr'>in</span> <span class='ocrx_word' id='word_1_125' title='bbox 1235 1344 1402 1380; x_wconf 66' lang='lat' dir='ltr'>assumtis</span> <span class='ocrx_word' id='word_1_126' title='bbox 1423 1345 1596 1394; x_wconf 80' lang='lat' dir='ltr'>proprie-</span> 
     </span>
     <span class='ocr_line' id='line_1_17' title="bbox 275 1394 1594 1442; baseline 0.005 -14"><span class='ocrx_word' id='word_1_127' title='bbox 275 1405 351 1435; x_wconf 85' lang='lat' dir='ltr'>tas,</span> <span class='ocrx_word' id='word_1_128' title='bbox 381 1395 422 1429; x_wconf 83' lang='lat' dir='ltr'>in</span> <span class='ocrx_word' id='word_1_129' title='bbox 459 1394 678 1442; x_wconf 83' lang='lat' dir='ltr'>periculofis</span> <span class='ocrx_word' id='word_1_130' title='bbox 710 1395 964 1441; x_wconf 71' lang='lat' dir='ltr'>fignificantia.</span> <span class='ocrx_word' id='word_1_131' title='bbox 1025 1398 1122 1432; x_wconf 84' lang='lat' dir='ltr'>Mox</span> <span class='ocrx_word' id='word_1_132' title='bbox 1155 1411 1226 1439; x_wconf 83' lang='grc' dir='ltr'>ιο,</span> <span class='ocrx_word' id='word_1_133' title='bbox 1259 1409 1304 1440; x_wconf 84' lang='lat'>2,</span> <span class='ocrx_word' id='word_1_134' title='bbox 1338 1409 1400 1442; x_wconf 82' lang='lat'>25.</span> <span class='ocrx_word' id='word_1_135' title='bbox 1434 1400 1476 1434; x_wconf 88' lang='lat' dir='ltr'>in</span> <span class='ocrx_word' id='word_1_136' title='bbox 1504 1398 1594 1435; x_wconf 73' lang='lat' dir='ltr'>solis</span> 
     </span>
     <span class='ocr_line' id='line_1_18' title="bbox 273 1450 1424 1497; baseline 0.007 -14"><span class='ocrx_word' id='word_1_137' title='bbox 273 1451 370 1487; x_wconf 87' lang='lat' dir='ltr'>Jens.</span> <span class='ocrx_word' id='word_1_138' title='bbox 394 1460 430 1484; x_wconf 85' lang='lat' dir='ltr'>et</span> <span class='ocrx_word' id='word_1_139' title='bbox 450 1451 563 1484; x_wconf 85' lang='lat' dir='ltr'>Tarv.</span> <span class='ocrx_word' id='word_1_140' title='bbox 585 1450 668 1490; x_wconf 78' lang='lat' dir='ltr'>levi,</span> <span class='ocrx_word' id='word_1_141' title='bbox 699 1450 836 1488; x_wconf 67' lang='lat' dir='ltr'>leviter,</span> <span class='ocrx_word' id='word_1_142' title='bbox 865 1452 1108 1497; x_wconf 83' lang='lat' dir='ltr'>improbante</span> <span class='ocrx_word' id='word_1_143' title='bbox 1127 1464 1227 1489; x_wconf 75' lang='lat' dir='ltr'>recte</span> <span class='ocrx_word' id='word_1_144' title='bbox 1251 1455 1424 1491; x_wconf 82' lang='lat' dir='ltr'>Gesnero.</span> 
     </span>
    </p>

    <p class='ocr_par' dir='ltr' id='par_1_4' title="bbox 271 1505 1594 1662">
     <span class='ocr_line' id='line_1_19' title="bbox 359 1505 1593 1558; baseline 0.004 -19"><span class='ocrx_word' id='word_1_145' title='bbox 359 1507 396 1539; x_wconf 85' lang='lat' dir='ltr'>in</span> <span class='ocrx_word' id='word_1_146' title='bbox 417 1505 579 1554; x_wconf 81' lang='lat' dir='ltr'>quibusd.</span> <span class='ocrx_word' id='word_1_147' title='bbox 603 1517 656 1539; x_wconf 77' lang='lat' dir='ltr'>ex.</span> <span class='ocrx_word' id='word_1_148' title='bbox 680 1505 808 1539; x_wconf 71' lang='lat' dir='ltr'><strong>Turic.</strong></span> <span class='ocrx_word' id='word_1_149' title='bbox 828 1505 930 1540; x_wconf 86' lang='lat' dir='ltr'>Flor.</span> <span class='ocrx_word' id='word_1_150' title='bbox 954 1505 1037 1552; x_wconf 74' lang='lat' dir='ltr'><strong>(hic</strong></span> <span class='ocrx_word' id='word_1_151' title='bbox 1061 1521 1079 1541; x_wconf 82' lang='lat' dir='ltr'>a</span> <span class='ocrx_word' id='word_1_152' title='bbox 1101 1521 1158 1555; x_wconf 86' lang='lat' dir='ltr'>pr.</span> <span class='ocrx_word' id='word_1_153' title='bbox 1178 1511 1249 1552; x_wconf 90' lang='lat' dir='ltr'>m.)</span> <span class='ocrx_word' id='word_1_154' title='bbox 1271 1509 1400 1558; x_wconf 82' lang='lat' dir='ltr'>Camp.</span> <span class='ocrx_word' id='word_1_155' title='bbox 1426 1523 1469 1545; x_wconf 76' lang='lat' dir='ltr'>ex</span> <span class='ocrx_word' id='word_1_156' title='bbox 1489 1523 1522 1558; x_wconf 89' lang='lat' dir='ltr'>q.</span> <span class='ocrx_word' id='word_1_157' title='bbox 1543 1512 1593 1544; x_wconf 83' lang='lat' dir='ltr'>in.</span> 
     </span>
     <span class='ocr_line' id='line_1_20' title="bbox 271 1558 1594 1609; baseline 0.003 -14"><span class='ocrx_word' id='word_1_158' title='bbox 271 1561 331 1595; x_wconf 81' lang='lat' dir='ltr'>Ex</span> <span class='ocrx_word' id='word_1_159' title='bbox 359 1560 460 1595; x_wconf 81' lang='lat' dir='ltr'>Alm.</span> <span class='ocrx_word' id='word_1_160' title='bbox 487 1558 653 1594; x_wconf 65' lang='lat' dir='ltr'>affertur</span> <span class='ocrx_word' id='word_1_161' title='bbox 674 1570 819 1594; x_wconf 88' lang='lat' dir='ltr'>tantum</span> <span class='ocrx_word' id='word_1_162' title='bbox 848 1574 880 1607; x_wconf 83' lang='lat' dir='ltr'>q.</span> <span class='ocrx_word' id='word_1_163' title='bbox 913 1562 960 1596; x_wconf 81' lang='lat' dir='ltr'>in.</span> <span class='ocrx_word' id='word_1_164' title='bbox 1013 1562 1128 1597; x_wconf 87' lang='lat' dir='ltr'>Goth.</span> <span class='ocrx_word' id='word_1_165' title='bbox 1159 1566 1256 1608; x_wconf 86' lang='lat' dir='ltr'>(tac.</span> <span class='ocrx_word' id='word_1_166' title='bbox 1288 1564 1425 1609; x_wconf 80' lang='lat' dir='ltr'>Gesn.)</span> <span class='ocrx_word' id='word_1_167' title='bbox 1458 1565 1594 1601; x_wconf 77' lang='lat' dir='ltr'>nostris</span> 
     </span>
     <span class='ocr_line' id='line_1_21' title="bbox 271 1615 1046 1662; baseline 0 -13"><span class='ocrx_word' id='word_1_168' title='bbox 271 1616 399 1651; x_wconf 78' lang='lat' dir='ltr'>verbis</span> <span class='ocrx_word' id='word_1_169' title='bbox 422 1615 620 1662; x_wconf 79' lang='lat' dir='ltr'>anteponit</span> <span class='ocrx_word' id='word_1_170' title='bbox 639 1616 750 1649; x_wconf 78' lang='lat' dir='ltr'>etiam</span> <span class='ocrx_word' id='word_1_171' title='bbox 770 1628 854 1649; x_wconf 87' lang='lat' dir='ltr'>cum</span> <span class='ocrx_word' id='word_1_172' title='bbox 879 1617 983 1652; x_wconf 83' lang='lat' dir='ltr'>Voff.</span> <span class='ocrx_word' id='word_1_173' title='bbox 1009 1627 1046 1652; x_wconf 86' lang='lat'>2.</span> 
     </span>
    </p>

    <p class='ocr_par' dir='ltr' id='par_1_5' title="bbox 360 1669 1594 1721">
     <span class='ocr_line' id='line_1_22' title="bbox 360 1669 1594 1721; baseline 0.005 -17"><span class='ocrx_word' id='word_1_174' title='bbox 360 1680 449 1706; x_wconf 84' lang='lat'><em>122.</em></span> <span class='ocrx_word' id='word_1_175' title='bbox 469 1669 816 1705; x_wconf 77' lang='lat' dir='ltr'>Habebunc.Tu1-ic.</span> <span class='ocrx_word' id='word_1_176' title='bbox 829 1670 930 1706; x_wconf 83' lang='lat' dir='ltr'>Flor.</span> <span class='ocrx_word' id='word_1_177' title='bbox 943 1673 980 1717; x_wconf 86' lang='lat' dir='ltr'>(a</span> <span class='ocrx_word' id='word_1_178' title='bbox 1001 1684 1057 1719; x_wconf 84' lang='lat' dir='ltr'>pr.</span> <span class='ocrx_word' id='word_1_179' title='bbox 1070 1685 1187 1708; x_wconf 86' lang='lat' dir='ltr'>manu</span> <span class='ocrx_word' id='word_1_180' title='bbox 1208 1675 1388 1721; x_wconf 78' lang='lat' dir='ltr'>uterque)</span> <span class='ocrx_word' id='word_1_181' title='bbox 1402 1669 1594 1711; x_wconf 72' lang='lat' dir='ltr'>habebar‘zt.</span> 
     </span>
    </p>
   </div>
   <div class='ocr_carea' id='block_1_4' title="bbox 269 1725 1594 1880">
    <p class='ocr_par' dir='ltr' id='par_1_6' title="bbox 269 1725 1594 1880">
     <span class='ocr_line' id='line_1_23' title="bbox 343 1725 1589 1776; baseline 0.003 -16"><span class='ocrx_word' id='word_1_182' title='bbox 343 1725 515 1774; x_wconf 80' lang='lat' dir='ltr'>scribent.</span> <span class='ocrx_word' id='word_1_183' title='bbox 550 1726 680 1760; x_wconf 79' lang='lat' dir='ltr'>Turio.</span> <span class='ocrx_word' id='word_1_184' title='bbox 713 1726 750 1768; x_wconf 88' lang='lat' dir='ltr'>(a</span> <span class='ocrx_word' id='word_1_185' title='bbox 771 1738 828 1772; x_wconf 80' lang='lat' dir='ltr'>pr.</span> <span class='ocrx_word' id='word_1_186' title='bbox 850 1728 920 1767; x_wconf 89' lang='lat' dir='ltr'>m.)</span> <span class='ocrx_word' id='word_1_187' title='bbox 941 1726 1091 1774; x_wconf 73' lang='lat' dir='ltr'>scribet.</span> <span class='ocrx_word' id='word_1_188' title='bbox 1200 1732 1203 1737; x_wconf 82' lang='grc'>’</span> <span class='ocrx_word' id='word_1_189' title='bbox 1322 1743 1493 1776; x_wconf 80' lang='lat' dir='ltr'>magnam</span> <span class='ocrx_word' id='word_1_190' title='bbox 1516 1743 1589 1765; x_wconf 77' lang='lat' dir='ltr'>eos.</span> 
     </span>
     <span class='ocr_line' id='line_1_24' title="bbox 272 1779 1594 1827; baseline 0.001 -10"><span class='ocrx_word' id='word_1_191' title='bbox 272 1781 403 1817; x_wconf 83' lang='lat' dir='ltr'><strong>Turio.</strong></span> <span class='ocrx_word' id='word_1_192' title='bbox 427 1782 464 1825; x_wconf 83' lang='lat' dir='ltr'>(a</span> <span class='ocrx_word' id='word_1_193' title='bbox 483 1781 550 1814; x_wconf 84' lang='lat' dir='ltr'>sec.</span> <span class='ocrx_word' id='word_1_194' title='bbox 570 1779 704 1827; x_wconf 80' lang='lat' dir='ltr'>manu)</span> <span class='ocrx_word' id='word_1_195' title='bbox 724 1780 854 1814; x_wconf 72' lang='lat' dir='ltr'>inserit</span> <span class='ocrx_word' id='word_1_196' title='bbox 881 1783 918 1814; x_wconf 87' lang='lat' dir='ltr'>in</span> <span class='ocrx_word' id='word_1_197' title='bbox 938 1794 1026 1816; x_wconf 90' lang='lat' dir='ltr'>cum</span> <span class='ocrx_word' id='word_1_198' title='bbox 1051 1784 1147 1820; x_wconf 84' lang='lat' dir='ltr'>Jens.</span> <span class='ocrx_word' id='word_1_199' title='bbox 1161 1785 1274 1819; x_wconf 83' lang='lat' dir='ltr'>Tarv.</span> <span class='ocrx_word' id='word_1_200' title='bbox 1391 1786 1594 1820; x_wconf 77' lang='lat' dir='ltr'><strong><em>materiam.</em></strong></span> 
     </span>
     <span class='ocr_line' id='line_1_25' title="bbox 269 1835 1592 1880; baseline 0.002 -9"><span class='ocrx_word' id='word_1_201' title='bbox 269 1837 372 1872; x_wconf 72' lang='lat' dir='ltr'>flor.</span> <span class='ocrx_word' id='word_1_202' title='bbox 414 1837 599 1870; x_wconf 78' lang='lat' dir='ltr'><strong><em>materiem</em></strong></span> <span class='ocrx_word' id='word_1_203' title='bbox 639 1836 704 1880; x_wconf 85' lang='lat' dir='ltr'><strong>(cf.</strong></span> <span class='ocrx_word' id='word_1_204' title='bbox 745 1842 789 1878; x_wconf 82' lang='grc'>8,</span> <span class='ocrx_word' id='word_1_205' title='bbox 833 1835 875 1875; x_wconf 88' lang='grc'>6,</span> <span class='ocrx_word' id='word_1_206' title='bbox 935 1838 1004 1880; x_wconf 89' lang='grc'><strong>7.).</strong></span> <span class='ocrx_word' id='word_1_207' title='bbox 1227 1839 1414 1876; x_wconf 78' lang='lat' dir='ltr'>laudandi.</span> <span class='ocrx_word' id='word_1_208' title='bbox 1463 1840 1592 1876; x_wconf 64' lang='lat' dir='ltr'>Tua-ic.</span> 
     </span>
    </p>
   </div>
   <div class='ocr_carea' id='block_1_5' title="bbox 272 1890 1076 1936">
    <p class='ocr_par' dir='ltr' id='par_1_7' title="bbox 272 1890 1076 1936">
     <span class='ocr_line' id='line_1_26' title="bbox 272 1890 1076 1936; baseline -0.001 -9"><span class='ocrx_word' id='word_1_209' title='bbox 272 1894 311 1936; x_wconf 82' lang='lat' dir='ltr'>(a</span> <span class='ocrx_word' id='word_1_210' title='bbox 331 1893 398 1927; x_wconf 83' lang='lat' dir='ltr'>fec.</span> <span class='ocrx_word' id='word_1_211' title='bbox 420 1892 492 1934; x_wconf 78' lang='lat' dir='ltr'>m.)</span> <span class='ocrx_word' id='word_1_212' title='bbox 522 1890 711 1926; x_wconf 80' lang='lat' dir='ltr'>laudanda</span> <span class='ocrx_word' id='word_1_213' title='bbox 730 1903 818 1925; x_wconf 89' lang='lat' dir='ltr'>cum</span> <span class='ocrx_word' id='word_1_214' title='bbox 837 1892 934 1928; x_wconf 84' lang='lat' dir='ltr'>Jens.</span> <span class='ocrx_word' id='word_1_215' title='bbox 961 1893 1076 1929; x_wconf 76' lang='lat' dir='ltr'>Tarv.</span> 
     </span>
    </p>
   </div>
   <div class='ocr_carea' id='block_1_6' title="bbox 250 2002 1597 2770">
    <p class='ocr_par' dir='ltr' id='par_1_8' title="bbox 269 2002 1594 2107">
     <span class='ocr_line' id='line_1_27' title="bbox 270 2002 1594 2053; baseline 0.002 -15"><span class='ocrx_word' id='word_1_216' title='bbox 270 2018 352 2038; x_wconf 80' lang='lat' dir='ltr'>care</span> <span class='ocrx_word' id='word_1_217' title='bbox 427 2002 588 2050; x_wconf 79' lang='lat' dir='ltr'>accipias</span> <span class='ocrx_word' id='word_1_218' title='bbox 660 2004 903 2049; x_wconf 75' lang='lat' dir='ltr'>interpretari.</span> <span class='ocrx_word' id='word_1_219' title='bbox 962 2016 1073 2050; x_wconf 89' lang='lat' dir='ltr'>quam</span> <span class='ocrx_word' id='word_1_220' title='bbox 1094 2005 1193 2053; x_wconf 79' lang='lat' dir='ltr'>quod</span> <span class='ocrx_word' id='word_1_221' title='bbox 1213 2019 1247 2039; x_wconf 88' lang='lat' dir='ltr'>v.</span> <span class='ocrx_word' id='word_1_222' title='bbox 1281 2006 1382 2040; x_wconf 83' lang='lat' dir='ltr'>Nam</span> <span class='ocrx_word' id='word_1_223' title='bbox 1403 2005 1474 2040; x_wconf 81' lang='lat' dir='ltr'>alia</span> <span class='ocrx_word' id='word_1_224' title='bbox 1495 2006 1594 2040; x_wconf 78' lang='lat' dir='ltr'>ratio</span> 
     </span>
     <span class='ocr_line' id='line_1_28' title="bbox 269 2057 1234 2107; baseline 0 -14"><span class='ocrx_word' id='word_1_225' title='bbox 269 2059 471 2107; x_wconf 79' lang='lat' dir='ltr'><strong>Quidquid</strong></span> <span class='ocrx_word' id='word_1_226' title='bbox 501 2058 592 2092; x_wconf 74' lang='lat' dir='ltr'>scire</span> <span class='ocrx_word' id='word_1_227' title='bbox 629 2057 717 2092; x_wconf 81' lang='lat' dir='ltr'>vult</span> <span class='ocrx_word' id='word_1_228' title='bbox 756 2058 905 2092; x_wconf 79' lang='lat' dir='ltr'>audito-</span> <span class='ocrx_word' id='word_1_229' title='bbox 962 2059 1011 2092; x_wconf 87' lang='lat' dir='ltr'>est</span> <span class='ocrx_word' id='word_1_230' title='bbox 1032 2065 1068 2102; x_wconf 81' lang='lat'>8,</span> <span class='ocrx_word' id='word_1_231' title='bbox 1101 2069 1137 2102; x_wconf 83' lang='lat'>5,</span> <span class='ocrx_word' id='word_1_232' title='bbox 1171 2060 1234 2094; x_wconf 80' lang='lat'>61.</span> 
     </span>
    </p>

    <p class='ocr_par' dir='ltr' id='par_1_9' title="bbox 267 2112 1434 2161">
     <span class='ocr_line' id='line_1_29' title="bbox 267 2112 1434 2161; baseline 0.002 -12"><span class='ocrx_word' id='word_1_233' title='bbox 267 2128 370 2155; x_wconf 71' lang='lat' dir='ltr'>rem,</span> <span class='ocrx_word' id='word_1_234' title='bbox 423 2125 496 2149; x_wconf 88' lang='lat' dir='ltr'>tam</span> <span class='ocrx_word' id='word_1_235' title='bbox 540 2124 622 2161; x_wconf 79' lang='lat' dir='ltr'>apte</span> <span class='ocrx_word' id='word_1_236' title='bbox 661 2123 698 2148; x_wconf 88' lang='lat' dir='ltr'>et</span> <span class='ocrx_word' id='word_1_237' title='bbox 731 2112 906 2147; x_wconf 80' lang='lat' dir='ltr'>decenter</span> <span class='ocrx_word' id='word_1_238' title='bbox 1017 2114 1107 2150; x_wconf 79' lang='lat' dir='ltr'>lene.</span> <span class='ocrx_word' id='word_1_239' title='bbox 1138 2115 1228 2150; x_wconf 85' lang='lat' dir='ltr'>vide</span> <span class='ocrx_word' id='word_1_240' title='bbox 1249 2126 1328 2151; x_wconf 88' lang='lat' dir='ltr'>not.</span> <span class='ocrx_word' id='word_1_241' title='bbox 1351 2116 1434 2151; x_wconf 86' lang='lat' dir='ltr'>crit.</span> 
     </span>
    </p>

    <p class='ocr_par' dir='ltr' id='par_1_10' title="bbox 267 2166 1597 2330">
     <span class='ocr_line' id='line_1_30' title="bbox 269 2166 1594 2218; baseline 0.003 -15"><span class='ocrx_word' id='word_1_242' title='bbox 269 2170 398 2205; x_wconf 74' lang='lat' dir='ltr'>verbis</span> <span class='ocrx_word' id='word_1_243' title='bbox 420 2169 627 2216; x_wconf 84' lang='lat' dir='ltr'>eloquitur,</span> <span class='ocrx_word' id='word_1_244' title='bbox 651 2172 694 2203; x_wconf 79' lang='lat' dir='ltr'>ut</span> <span class='ocrx_word' id='word_1_245' title='bbox 716 2166 819 2201; x_wconf 85' lang='lat' dir='ltr'>nihil</span> <span class='ocrx_word' id='word_1_246' title='bbox 837 2168 904 2203; x_wconf 92' lang='lat' dir='ltr'>ob·</span> <span class='ocrx_word' id='word_1_247' title='bbox 1017 2167 1462 2218; x_wconf 72' lang='lat' dir='ltr'>affatum—proprietas.</span> <span class='ocrx_word' id='word_1_248' title='bbox 1494 2172 1594 2215; x_wconf 81' lang='lat' dir='ltr'><strong>cf.3‚</strong></span> 
     </span>
     <span class='ocr_line' id='line_1_31' title="bbox 268 2223 1597 2276; baseline 0.001 -16"><span class='ocrx_word' id='word_1_249' title='bbox 268 2226 419 2260; x_wconf 71' lang='lat' dir='ltr'><strong>[curum</strong></span> <span class='ocrx_word' id='word_1_250' title='bbox 444 2235 634 2259; x_wconf 79' lang='lat' dir='ltr'>remaneat</span> <span class='ocrx_word' id='word_1_251' title='bbox 671 2224 713 2258; x_wconf 89' lang='lat' dir='ltr'>in</span> <span class='ocrx_word' id='word_1_252' title='bbox 742 2223 903 2270; x_wconf 79' lang='lat' dir='ltr'>magnis,</span> <span class='ocrx_word' id='word_1_253' title='bbox 964 2225 999 2260; x_wconf 87' lang='lat'>6.</span> <span class='ocrx_word' id='word_1_254' title='bbox 1033 2235 1157 2261; x_wconf 87' lang='lat' dir='ltr'>totum</span> <span class='ocrx_word' id='word_1_255' title='bbox 1184 2235 1313 2274; x_wconf 83' lang='lat' dir='ltr'>caput:</span> <span class='ocrx_word' id='word_1_256' title='bbox 1344 2226 1413 2261; x_wconf 83' lang='lat' dir='ltr'>ubi</span> <span class='ocrx_word' id='word_1_257' title='bbox 1435 2225 1597 2276; x_wconf 69' lang='lat' dir='ltr'>arcqffita</span> 
     </span>
     <span class='ocr_line' id='line_1_32' title="bbox 267 2278 1456 2330; baseline 0.002 -16"><span class='ocrx_word' id='word_1_258' title='bbox 267 2280 371 2315; x_wconf 80' lang='lat' dir='ltr'>nihil</span> <span class='ocrx_word' id='word_1_259' title='bbox 391 2279 469 2314; x_wconf 78' lang='lat' dir='ltr'>vile</span> <span class='ocrx_word' id='word_1_260' title='bbox 499 2279 677 2314; x_wconf 79' lang='lat' dir='ltr'>videatur</span> <span class='ocrx_word' id='word_1_261' title='bbox 697 2279 738 2313; x_wconf 89' lang='lat' dir='ltr'>in</span> <span class='ocrx_word' id='word_1_262' title='bbox 763 2278 904 2325; x_wconf 83' lang='lat' dir='ltr'>parvis.</span> <span class='ocrx_word' id='word_1_263' title='bbox 963 2281 1059 2319; x_wconf 81' lang='lat' dir='ltr'>sunt,</span> <span class='ocrx_word' id='word_1_264' title='bbox 1092 2281 1270 2328; x_wconf 79' lang='lat' dir='ltr'>quaehic</span> <span class='ocrx_word' id='word_1_265' title='bbox 1294 2279 1456 2330; x_wconf 74' lang='lat' dir='ltr'>affumta.</span> 
     </span>
    </p>

    <p class='ocr_par' dir='ltr' id='par_1_11' title="bbox 250 2334 1596 2770">
     <span class='ocr_line' id='line_1_33' title="bbox 269 2334 1594 2386; baseline 0.002 -16"><span class='ocrx_word' id='word_1_266' title='bbox 269 2335 317 2370; x_wconf 78' lang='lat' dir='ltr'>cf.</span> <span class='ocrx_word' id='word_1_267' title='bbox 349 2342 395 2379; x_wconf 87' lang='lat'>8,</span> <span class='ocrx_word' id='word_1_268' title='bbox 437 2335 482 2375; x_wconf 86' lang='lat'>6,</span> <span class='ocrx_word' id='word_1_269' title='bbox 529 2341 566 2377; x_wconf 65' lang='lat'>82</span> <span class='ocrx_word' id='word_1_270' title='bbox 624 2335 727 2369; x_wconf 81' lang='lat' dir='ltr'>Haec</span> <span class='ocrx_word' id='word_1_271' title='bbox 759 2334 835 2381; x_wconf 80' lang='lat' dir='ltr'>ipsa</span> <span class='ocrx_word' id='word_1_272' title='bbox 870 2342 907 2367; x_wconf 87' lang='lat' dir='ltr'>et</span> <span class='ocrx_word' id='word_1_273' title='bbox 1021 2349 1064 2369; x_wconf 75' lang='lat' dir='ltr'>eac</span> <span class='ocrx_word' id='word_1_274' title='bbox 1088 2336 1248 2383; x_wconf 83' lang='lat' dir='ltr'>periculo</span> <span class='ocrx_word' id='word_1_275' title='bbox 1268 2334 1594 2386; x_wconf 67' lang='lat' dir='ltr'>—fignficantim</span> 
     </span>
     <span class='ocr_line' id='line_1_34' title="bbox 269 2387 1596 2438; baseline -0.002 -13"><span class='ocrx_word' id='word_1_276' title='bbox 269 2390 378 2425; x_wconf 77' lang='lat' dir='ltr'>Fabii</span> <span class='ocrx_word' id='word_1_277' title='bbox 398 2390 516 2426; x_wconf 75' lang='lat' dir='ltr'>nostri</span> <span class='ocrx_word' id='word_1_278' title='bbox 540 2389 605 2424; x_wconf 82' lang='lat' dir='ltr'>vel.</span> <span class='ocrx_word' id='word_1_279' title='bbox 635 2389 837 2438; x_wconf 77' lang='lat' dir='ltr'>praecipua</span> <span class='ocrx_word' id='word_1_280' title='bbox 858 2387 907 2422; x_wconf 83' lang='lat' dir='ltr'>est</span> <span class='ocrx_word' id='word_1_281' title='bbox 963 2390 1038 2428; x_wconf 85' lang='lat' dir='ltr'>Vel</span> <span class='ocrx_word' id='word_1_282' title='bbox 1084 2391 1319 2426; x_wconf 81' lang='lat' dir='ltr'>audaciffime</span> <span class='ocrx_word' id='word_1_283' title='bbox 1369 2402 1506 2427; x_wconf 72' lang='lat' dir='ltr'>novata</span> <span class='ocrx_word' id='word_1_284' title='bbox 1553 2393 1596 2427; x_wconf 78' lang='lat' dir='ltr'>in.</span> 
     </span>
     <span class='ocr_line' id='line_1_35' title="bbox 269 2445 1596 2495; baseline 0.002 -16"><span class='ocrx_word' id='word_1_285' title='bbox 269 2445 407 2480; x_wconf 79' lang='lat' dir='ltr'>virtus.</span> <span class='ocrx_word' id='word_1_286' title='bbox 428 2445 541 2492; x_wconf 83' lang='lat' dir='ltr'><strong>Apud</strong></span> <span class='ocrx_word' id='word_1_287' title='bbox 563 2447 740 2479; x_wconf 82' lang='lat' dir='ltr'>Senecam</span> <span class='ocrx_word' id='word_1_288' title='bbox 761 2454 906 2492; x_wconf 73' lang='lat' dir='ltr'>patrem</span> <span class='ocrx_word' id='word_1_289' title='bbox 965 2445 1184 2481; x_wconf 75' lang='lat' dir='ltr'>elocutione</span> <span class='ocrx_word' id='word_1_290' title='bbox 1219 2459 1297 2481; x_wconf 89' lang='lat' dir='ltr'>non</span> <span class='ocrx_word' id='word_1_291' title='bbox 1341 2457 1467 2482; x_wconf 82' lang='lat' dir='ltr'>carent</span> <span class='ocrx_word' id='word_1_292' title='bbox 1511 2459 1596 2495; x_wconf 85' lang='lat' dir='ltr'>per-</span> 
     </span>
     <span class='ocr_line' id='line_1_36' title="bbox 250 2495 1593 2548; baseline 0.001 -12"><span class='ocrx_word' id='word_1_293' title='bbox 250 2501 456 2536; x_wconf 82' lang='lat' dir='ltr'>·Controv.</span> <span class='ocrx_word' id='word_1_294' title='bbox 486 2499 510 2534; x_wconf 90' lang='lat' dir='ltr'>l.</span> <span class='ocrx_word' id='word_1_295' title='bbox 538 2510 572 2535; x_wconf 87' lang='lat'>2.</span> <span class='ocrx_word' id='word_1_296' title='bbox 602 2499 720 2534; x_wconf 76' lang='lat' dir='ltr'>Praef.</span> <span class='ocrx_word' id='word_1_297' title='bbox 765 2498 907 2543; x_wconf 79' lang='lat' dir='ltr'>„expli-</span> <span class='ocrx_word' id='word_1_298' title='bbox 963 2500 1171 2548; x_wconf 83' lang='lat' dir='ltr'>[picuitate.</span> <span class='ocrx_word' id='word_1_299' title='bbox 1185 2501 1230 2536; x_wconf 85' lang='lat' dir='ltr'>cf.</span> <span class='ocrx_word' id='word_1_300' title='bbox 1245 2511 1281 2542; x_wconf 83' lang='lat'>2,</span> <span class='ocrx_word' id='word_1_301' title='bbox 1300 2495 1410 2544; x_wconf 59' lang='lat'>&#39;11‚3.</span> <span class='ocrx_word' id='word_1_302' title='bbox 1425 2507 1460 2545; x_wconf 86' lang='lat'>8,</span> <span class='ocrx_word' id='word_1_303' title='bbox 1477 2502 1512 2543; x_wconf 88' lang='lat'>6,</span> <span class='ocrx_word' id='word_1_304' title='bbox 1532 2514 1593 2537; x_wconf 83' lang='grc' dir='ltr'>ιι.</span> 
     </span>
     <span class='ocr_line' id='line_1_37' title="bbox 270 2553 1538 2604; baseline 0.001 -14"><span class='ocrx_word' id='word_1_305' title='bbox 270 2557 392 2597; x_wconf 75' lang='lat' dir='ltr'>„catio</span> <span class='ocrx_word' id='word_1_306' title='bbox 421 2573 475 2582; x_wconf 89' lang='lat'>-——</span> <span class='ocrx_word' id='word_1_307' title='bbox 512 2553 707 2602; x_wconf 83' lang='lat' dir='ltr'>splendida</span> <span class='ocrx_word' id='word_1_308' title='bbox 737 2554 907 2602; x_wconf 81' lang='lat' dir='ltr'>quidem,</span> <span class='ocrx_word' id='word_1_309' title='bbox 969 2567 1032 2596; x_wconf 72' lang='grc' dir='ltr'>ιι,</span> <span class='ocrx_word' id='word_1_310' title='bbox 1069 2571 1099 2595; x_wconf 86' lang='lat'>1,</span> <span class='ocrx_word' id='word_1_311' title='bbox 1133 2565 1195 2598; x_wconf 83' lang='lat'>52.</span> <span class='ocrx_word' id='word_1_312' title='bbox 1225 2557 1319 2591; x_wconf 81' lang='lat' dir='ltr'>item</span> <span class='ocrx_word' id='word_1_313' title='bbox 1340 2555 1456 2604; x_wconf 76' lang='lat' dir='ltr'>l1ic§.</span> <span class='ocrx_word' id='word_1_314' title='bbox 1474 2563 1538 2604; x_wconf 82' lang='lat'>49.</span> 
     </span>
     <span class='ocr_line' id='line_1_38' title="bbox 269 2607 1592 2660; baseline 0 -15"><span class='ocrx_word' id='word_1_315' title='bbox 269 2611 358 2652; x_wconf 82' lang='lat' dir='ltr'>„sed</span> <span class='ocrx_word' id='word_1_316' title='bbox 401 2610 555 2657; x_wconf 82' lang='lat' dir='ltr'>operosa</span> <span class='ocrx_word' id='word_1_317' title='bbox 596 2619 633 2644; x_wconf 89' lang='lat' dir='ltr'>et</span> <span class='ocrx_word' id='word_1_318' title='bbox 679 2607 908 2657; x_wconf 82' lang='lat' dir='ltr'>implicita.“</span> <span class='ocrx_word' id='word_1_319' title='bbox 1027 2622 1114 2646; x_wconf 83' lang='lat'>122.</span> <span class='ocrx_word' id='word_1_320' title='bbox 1164 2613 1256 2646; x_wconf 77' lang='lat' dir='ltr'>Sunt</span> <span class='ocrx_word' id='word_1_321' title='bbox 1300 2613 1395 2646; x_wconf 77' lang='lat' dir='ltr'>enim</span> <span class='ocrx_word' id='word_1_322' title='bbox 1438 2610 1592 2660; x_wconf 82' lang='lat' dir='ltr'>summa.</span> 
     </span>
     <span class='ocr_line' id='line_1_39' title="bbox 267 2664 1596 2714; baseline -0.001 -13"><span class='ocrx_word' id='word_1_323' title='bbox 267 2667 404 2701; x_wconf 78' lang='lat' dir='ltr'>”Fateor</span> <span class='ocrx_word' id='word_1_324' title='bbox 433 2674 555 2700; x_wconf 83' lang='lat' dir='ltr'>autem</span> <span class='ocrx_word' id='word_1_325' title='bbox 579 2664 812 2712; x_wconf 74' lang='lat' dir='ltr'>placiturum</span> <span class='ocrx_word' id='word_1_326' title='bbox 829 2676 908 2698; x_wconf 85' lang='lat' dir='ltr'>ma·</span> <span class='ocrx_word' id='word_1_327' title='bbox 964 2665 1168 2705; x_wconf 77' lang='lat' dir='ltr'>„Florebat</span> <span class='ocrx_word' id='word_1_328' title='bbox 1203 2667 1325 2714; x_wconf 75' lang='lat' dir='ltr'>Aper,</span> <span class='ocrx_word' id='word_1_329' title='bbox 1381 2666 1596 2706; x_wconf 82' lang='lat' dir='ltr'>Marcellus,</span> 
     </span>
     <span class='ocr_line' id='line_1_40' title="bbox 264 2719 1596 2770; baseline -0.002 -13"><span class='ocrx_word' id='word_1_330' title='bbox 264 2722 330 2770; x_wconf 74' lang='lat' dir='ltr'>&#39;gis</span> <span class='ocrx_word' id='word_1_331' title='bbox 359 2720 481 2762; x_wconf 84' lang='lat' dir='ltr'>mihi,</span> <span class='ocrx_word' id='word_1_332' title='bbox 519 2721 545 2754; x_wconf 81' lang='lat' dir='ltr'><strong>fi</strong></span> <span class='ocrx_word' id='word_1_333' title='bbox 588 2719 709 2755; x_wconf 74' lang='lat' dir='ltr'>suerit</span> <span class='ocrx_word' id='word_1_334' title='bbox 748 2719 835 2767; x_wconf 80' lang='lat' dir='ltr'>quid</span> <span class='ocrx_word' id='word_1_335' title='bbox 873 2732 909 2756; x_wconf 80' lang='lat' dir='ltr'>v.</span> <span class='ocrx_word' id='word_1_336' title='bbox 963 2721 1596 2762; x_wconf 54' lang='lat' dir='ltr'>„Mam-nus,Messalla2ca&#39;ecilius</span> 
     </span>
    </p>
   </div>
  </div>
 </body>
</html>
