1676 3028
160 191 179 223 ι
319 175 482 222 INST.
518 174 798 221 ORATOR.
830 173 952 220 LIB.
988 175 1086 231 XI,
1136 187 1178 219 1.
1318 173 1418 227 265

75 303 398 371 supererant,
439 302 623 351 divine
649 301 834 350 Cicero
858 297 1098 371 servavit.
1161 300 1420 359 Primum,

0 373 1 406 ³
70 398 148 435 ‚ne
183 379 582 431 oblivisceretur
621 377 986 434 reverentiae.
1022 393 1155 442 quae
1189 378 1420 444 parenti-

78 459 181 508 bus
205 457 451 507 debetur:
494 455 686 505 deinde
704 466 779 513 ut,
798 455 1035 520 repetitis
1057 454 1213 503 altius
1236 452 1420 511 causis,

81 534 463 600 diligentiffime
495 533 804 590 ostenderet,
841 548 995 596 quam
1029 532 1105 590 id,
1145 531 1422 597 quoderat

80 613 140 661 in
161 605 382 660 matrem¹
403 611 660 669 dicturus,
674 628 785 660 non
810 619 1076 674 oporteret
1095 608 1259 659 modo
1281 607 1420 666 fieri,

81 687 171 736 sed
212 689 369 736 etiam
407 685 604 737 neceffe
645 685 775 736 effet.
853 687 1133 751 Primaque
1179 687 1308 735 haec
1337 703 1422 734 ex·
1444 695 1496 742 63

82 763 274 831 positio
302 764 422 822 fuit,
460 782 763 830 quanquam
801 762 867 812 ad
900 762 1224 829 praesentem
1263 780 1422 828 quae·

83 840 306 901 stionem
327 843 466 890 nihil
490 843 793 907 pertinebat.
819 841 950 891 adeo
971 842 1028 890 in
1054 840 1201 890 causa
1222 839 1428 889 difficili
1452 882 1456 893 ,

15 929 75 969 =75
87 927 241 982 atque
271 919 514 984 perplexa
549 919 686 967 nihil
718 920 867 984 prius
908 918 1229 967 intuendum
1261 917 1429 966 credi-

85 994 176 1051 dit,
215 1012 373 1059 quam
396 994 527 1058 quid
555 995 773 1043 deceret.
853 996 996 1042 Fecit
1027 996 1203 1058 itaque
1225 1011 1428 1044 nomen

70 1073 311 1138 ,parentis
347 1088 459 1120 non
490 1070 611 1122 filio
644 1069 1003 1129 invidiosum,
1061 1070 1150 1119 sed
1180 1070 1308 1137 ipsi,
1366 1072 1426 1129 in

82 1165 241 1214 quam
281 1147 564 1198 dicebatur.
689 1147 852 1198 Potest
908 1159 1084 1197 tamen
1138 1147 1424 1214 aliquando
1449 1160 1500 1208 64

82 1236 247 1274 mater
267 1236 318 1274 et
336 1225 393 1273 in
414 1243 470 1274 re
489 1226 694 1275 leviore
714 1237 801 1275 aut
833 1226 1012 1274 minus
1043 1224 1230 1274 infesta
1248 1236 1429 1274 contra

83 1300 264 1351 filium
308 1300 486 1351 stare:
543 1313 662 1352 tum
703 1304 876 1352 lenior
916 1313 1072 1367 atque
1117 1301 1430 1352 summiffior

84 1378 291 1427 decebit
321 1381 502 1428 oratio.
618 1381 759 1428 Nam
793 1390 844 1428 et
878 1378 1267 1438 satisfaciendo,
1339 1388 1432 1429 aut

83 1454 310 1504 nostram
348 1457 653 1505 minuemus
698 1457 985 1517 invidiam,
1047 1467 1138 1505 aut
1179 1457 1336 1505 etiam
1370 1457 1432 1504 in

46 1582 48 1587 ,
83 1529 350 1582 diversum
393 1549 508 1599 earn
548 1532 947 1583 transferemus:
1014 1543 1066 1581 et
1109 1531 1153 1581 fi
1201 1534 1431 1599 graviter

85 1607 266 1659 dolere
296 1607 475 1658 filium
514 1611 688 1676 palam
730 1609 922 1668 fuerit,
981 1610 1227 1659 credetur
1266 1607 1430 1659 abess'e

86 1686 150 1735 ab
201 1703 264 1736 eo
323 1687 533 1753 culpan]
557 1724 571 1746 ‚
648 1685 852 1754 fietque
906 1688 1052 1738 ultro
1104 1686 1428 1738 miserabilis.

173 1878 237 1914 62.
258 1875 431 1926 servavit.
455 1875 560 1912 Flor.
581 1875 769 1926 servabit,
797 1876 902 1913 idem
924 1886 1020 1914 m‘ox
1041 1891 1116 1916 nec.
1133 1876 1182 1928 est
1202 1880 1240 1926 (a
1256 1893 1314 1929 pr.
1335 1881 1430 1924 m.);

86 1932 227 1970 deinde

175 1991 239 2034 63.
289 1990 422 2026 Turie.
469 1991 684 2039 pertinebit,
741 1991 845 2028 Flor.
888 1993 937 2036 (a
965 2005 1024 2041 pr.
1054 1995 1135 2037 m.)
1173 1993 1308 2028 diceret
1346 2006 1434 2028 cum

89 2045 218 2084 Guelf.
247 2048 340 2081 Exc.
372 2048 523 2084 Santen.

176 2101 240 2146 64.
270 2100 414 2149 infesta.
447 2105 579 2139 Turic.
609 2103 713 2141 Ποῖ.
745 2105 880 2142 Ambr.
906 2115 942 2141 2.
983 2105 1112 2142 Guelf.
1142 2107 1273 2154 Camp.
1307 2103 1436 2154 infesto

91 2171 180 2195 cum
209 2159 315 2196 Voff.
344 2168 381 2202 3.
414 2161 565 2201 (Turio.
597 2161 695 2198 Jens.
722 2173 791 2209 per
820 2163 912 2206 AB)
941 2163 1160 2211 corrigente
1189 2164 1265 2210 jam
1297 2163 1437 2211 Regio.

92 2217 154 2251 An
178 2214 307 2251 voluit
327 2216 552 2264 ambiguum
571 2216 707 2258 vitare,
740 2219 830 2266 quia
849 2229 997 2267 poterat
1016 2219 1188 2268 intelligi
1211 2217 1437 2255 ablativus?

53 2295 55 2299 ν
94 2272 221 2308 Modo
247 2282 286 2308 at
306 2271 438 2308 Turic.
474 2273 577 2308 Flor.
610 2272 694 2318 (hic
714 2287 734 2308 a
755 2289 814 2324 pr.
836 2278 909 2319 m.)
1198 2285 1274 2311 tum
1303 2276 1436 2312 lenior.

93 2329 227 2364 Turio.
259 2341 337 2364 cum
356 2328 380 2363 l.
413 2330 459 2365 cf.
492 2343 553 2372 11,
587 2339 624 2373 5,
659 2336 722 2373 40.
747 2339 811 2375 42.
1006 2331 1137 2381 suerit.
1168 2333 1302 2369 Turio.
1331 2331 1436 2368 Flora

88 2384 231 2434 fuerat.
262 2386 382 2421 Goth.
410 2387 508 2425 Jens.
549 2389 638 2432 (tac.
662 2386 790 2432 Gesn.)
821 2391 890 2424 erit:
923 2402 1010 2425 cum
1041 2390 1198 2438 posterr-
1241 2388 1326 2425 edd.
1352 2400 1438 2425 ante

94 2441 247 2491 Gryph.
276 2456 357 2478 exc.
378 2443 467 2478 Ald.
729 2445 887 2493 culpam.
918 2447 982 2482 Sic
1006 2447 1138 2482 Turic.
1176 2445 1279 2482 Flor.
1309 2445 1440 2482 Guelf.

93 2498 186 2533 Exc.
214 2501 364 2536 Samen.
388 2513 474 2535 cum
497 2501 582 2537 edd.
606 2510 691 2538 ante
713 2501 863 2551 Gryph.
886 2516 966 2541 exe.
989 2504 1122 2554 Camp.
1141 2502 1300 2553 Reliqui
1319 2502 1438 2552 culpa.

157 2657 223 2713 643
243 2657 527 2708 satisfaciendo.
555 2661 603 2700 cf.
628 2665 740 2710 §.51.
857 2663 968 2699 ultro.
1038 2663 1182 2700 Eadem
1258 2663 1441 2714 potestate

105 2711 170 2756 76.
801 2719 950 2756 dictum
990 2734 1064 2772 qua
1098 2722 1218 2760 modo
1255 2724 1294 2758 in
1322 2722 1441 2757 diver-
