1676 3028
192 330 239 386 {a
266 347 317 386 te
327 370 343 395 ,
391 334 646 385 defendat.

270 214 366 270 506
580 214 653 259 M.
690 216 823 260 FAB.
860 215 1264 280 QUINTILIANI

734 339 806 386 Ac
844 338 1074 401 primum
1117 338 1397 388 concedant
1434 339 1569 388 mihi

265 428 444 461 omnes
462 422 679 476 oportet,
694 412 839 476 quod
860 413 1152 465 Stoicorum
1173 429 1384 477 quoque
1403 413 1568 478 aspex-

264 487 388 536 rimi
420 486 761 543 confitentur,
797 486 1057 535 facturum
1082 487 1362 551 aliquando
1391 491 1578 545 virum,

264 563 484 618 bonum,
522 573 583 610 ut
608 564 938 611 mendacium
958 562 1108 620 dicat,
1131 574 1182 613 et
1202 563 1416 629 quidem
1436 580 1568 617 non-

265 653 536 701 nunquam
557 636 1046 694 levioribusvcausis:
1088 649 1146 687 ut
1182 639 1240 686 in
1278 639 1464 702 pueris.
1489 653 1578 686 ae·-

265 711 618 776 grotantibus‚
686 714 921 760 utilitatis
972 728 1157 762 eorum
1204 715 1362 777 gratia
1407 713 1572 762 multa

265 785 541 851 fingimus,
598 788 762 836 multa
808 805 918 837 11011
965 787 1153 838 facturi
1189 787 1569 854 promittimus:
1628 835 1635 845 ,

268 862 465 912 nedum
485 861 527 909 fi
546 863 607 910 ab
622 864 838 913 homine
860 862 1147 914 occidendo
1167 862 1406 927 grassator
1427 879 1573 914 aver-

267 937 455 993 tendus
485 936 575 996 fit,
612 949 701 987 aut
737 937 897 988 hostis
933 956 1030 1003 pro
1069 938 1226 988 salute
1260 939 1452 1004 patriae
1477 937 1574 986 fal-

265 1012 484 1062 lendus:
550 1024 611 1062 ut
649 1014 777 1071 hoc,
825 1014 972 1077 quod
1010 1015 1130 1062 alias
1163 1015 1221 1062 in
1250 1013 1574 1078 servisssquo-

267 1104 373 1151 que
395 1089 886 1154 reprehendendum
913 1087 999 1146 est,
1037 1088 1100 1136 sit
1131 1090 1254 1138 alias
1282 1091 1340 1137 in
1362 1087 1472 1156 ipso
1498 1087 1572 1136 sa-

263 1164 442 1227 piente
476 1163 811 1212 laudandum.
889 1164 949 1211 Id
981 1163 1023 1211 fi
1060 1163 1369 1221 constiterit,
1405 1164 1572 1212 multa

264 1241 367 1298 jam
396 1238 554 1287 video
574 1237 729 1304 *poss'e
757 1241 992 1296 evenire,
1041 1248 1255 1304 propter
1292 1255 1424 1303 quae
1459 1254 1575 1286 ora-

265 1323 348 1361 tor
382 1313 515 1361 bene
547 1312 785 1377 suscipiat
822 1314 921 1360 tale
959 1312 1132 1361 causae
1164 1330 1354 1378 genus,
1404 1313 1573 1377 quale3

264 1399 463 1439 remota
502 1391 701 1438 ratione
733 1387 962 1446 honesta,
998 1405 1108 1438 non
1142 1386 1417 1455 recepiffet.
1456 1389 1573 1437 Nec

346 1568 412 1607 58.
442 1564 497 1598 uti
525 1564 644 1609 pueris
674 1561 768 1598 Obr.
801 1576 880 1598 non
906 1562 1103 1599 neceffaria
1131 1563 1354 1599 mutatione.
1411 1574 1485 1597 non
1507 1559 1572 1609 fa-

264 1628 364 1655 ecura
390 1617 520 1652 Turio.
541 1617 642 1652 Flor.
666 1631 753 1652 cum
774 1618 981 1653 Andreana.
1012 1631 1084 1653 non
1103 1617 1229 1663 futura
1249 1619 1381 1666 Camp.
1495 1610 1498 1614 Ι

348 1683 412 1721 59.
453 1675 489 1706 in
511 1672 606 1720 seris·
634 1673 762 1708 Turio.
785 1686 815 1707 e.
836 1673 936 1708 Alm.
955 1672 1222 1720 respondendus
1239 1686 1268 1709 e.
1285 1672 1318 1721 s.
1340 1673 1435 1709 alius
1455 1675 1478 1708 ι’.
1499 1668 1570 1719 12st

265 1728 470 1765 laudandus
498 1727 625 1763 Turio.
655 1727 758 1762 Flor.
793 1741 825 1762 c.
855 1727 953 1762 Alm.
1014 1727 1109 1762 alias
1138 1730 1173 1762 in
1195 1746 1248 1755 —-
1268 1725 1317 1773 eft
1339 1726 1394 1774 sit
1425 1740 1500 1764 om.
1530 1727 1574 1761 in

265 1785 368 1823 Voss‘.
390 1793 426 1818 2.
461 1782 601 1817 retinet
626 1781 741 1817 Goth.
1023 1779 1215 1830 recepsset.
1250 1782 1312 1817 Sic
1329 1781 1573 1818 Turic.Flor.

265 1840 398 1875 Ambr.
432 1849 467 1873 2.
498 1836 621 1872 Guelf.
653 1838 744 1871 Exc.
776 1839 876 1872 Sant.
906 1838 1036 1885 Camp.
1070 1849 1101 1871 c-
1130 1837 1245 1873 Goth.
1275 1837 1378 1876 Voss'.
1413 1839 1513 1873 1.‘2.
1535 1844 1571 1879 3.

266 1896 379 1930 Bern.
405 1890 613 1942 suscepsset
633 1891 788 1939 reliqui,
820 1892 1086 1928 concinnitatis
1107 1892 1238 1939 gratia.

350 1955 419 1997 40.
468 1946 536 1997 sed
555 1961 600 1981 ne
618 1947 684 1982 hoc
698 1960 769 1995 pro
795 1961 858 1983 nec
879 1949 945 1984 lzoc
964 1948 1091 1984 Turio.
1110 1947 1211 1984 Flor.
1243 1959 1274 1982 c.
1294 1945 1394 1982 Alm.
1449 1945 1575 1982 Habet

320 2099 386 2136 58.
415 2099 455 2126 ut
472 2090 695 2125 mendacium
715 2092 822 2140 dicat.
842 2091 888 2126 cf.

266 2158 313 2188 2,
348 2157 420 2191 17,
448 2157 510 2189 27.
579 2146 761 2195 Exempla
791 2158 891 2183 recte

266 2202 550 2238 diffimulandae
583 2202 754 2237 veritatis
779 2202 893 2237 habet

947 2093 1015 2136 (Et
1032 2092 1106 2126 hoc
1126 2101 1257 2127 monet
1277 2089 1460 2139 Capper.)
1512 2089 1576 2124 Est

948 2146 1209 2182 anacoluthiae
1230 2146 1412 2194 quiddam
1433 2146 1475 2180 in
1505 2144 1576 2184 hac

949 2203 1130 2238 structura
1150 2201 1310 2238 voculae
1330 2201 1471 2240 nedum,
1483 2212 1574 2248 qua·

266 2251 380 2295 etiam
399 2257 504 2293 Plato
525 2257 567 2291 in
585 2255 652 2292 lib.
666 2265 700 2292 2.
723 2257 887 2305 reipubl.

264 2327 301 2363 p.
322 2320 414 2357 382.
433 2312 562 2361 Steph.

321 2378 387 2416 39.
429 2369 572 2403 nedum.
630 2368 706 2402 Hic
739 2367 894 2415 longius

267 2424 362 2471 quid
396 2421 637 2458 inserendum
677 2422 724 2456 est
755 2423 895 2470 cogita-

267 2479 371 2514 tione
403 2477 588 2526 legentis,
645 2477 754 2513 velut
783 2486 823 2513 ut
843 2478 896 2527 sic

265 2535 417 2570 vetitum
435 2533 589 2570 mentiri.
621 2532 720 2568 Nam
741 2543 782 2568 ut
792 2546 894 2569 nunc

267 2589 327 2629 est,
376 2588 594 2637 expectabas
623 2588 774 2636 potius:
825 2588 895 2637 secl

266 2643 378 2678 multo
412 2646 531 2691 magis
557 2646 676 2682 etiam,
710 2643 816 2691 quod
835 2657 892 2679 re-

268 2698 430 2744 ferretur
459 2700 503 2733 ad
539 2699 732 2735 levioribus
772 2698 895 2748 causis.

949 2257 1006 2299 le,
1048 2257 1107 2293 sed
1135 2256 1295 2298 mollius
1322 2255 1437 2296 illud,
1473 2254 1574 2303 ap'ud

948 2313 1108 2348 Livium
1144 2323 1210 2354 10,
1240 2322 1312 2356 32,
1344 2317 1379 2355 4.
1418 2310 1574 2346 demon·

949 2369 1036 2404 strat
1064 2367 1400 2403 Drakenborchus.
1433 2365 1504 2410 (cf.
1537 2373 1575 2399 et

950 2424 1039 2458 Liv.
1069 2430 1132 2466 45,
1165 2432 1228 2470 29,
1261 2433 1296 2458 2.
1328 2432 1365 2458 et
1393 2418 1569 2457 Oudeud.

950 2479 997 2513 ad
1015 2481 1169 2514 Sueten.
1198 2477 1305 2514 Galb.
1327 2476 1380 2522 5.)
1409 2473 1574 2522 Propius

951 2534 1063 2569 etiam
1113 2533 1239 2569 nostro
1276 2531 1363 2567 Liv.
1393 2540 1439 2573 7,
1465 2534 1503 2574 42
1532 2536 1570 2570 3-

949 2602 1092 2636 „quem
1132 2599 1325 2623 armorum
1358 2586 1471 2621 etiam
1500 2595 1572 2632 pro

949 2645 1097 2691 „patria
1117 2643 1257 2677 satietas
1270 2650 1422 2680 teneret,
1443 2639 1574 2674 nedum

953 2699 1152 2740 „adversus
1179 2696 1378 2746 patriam.“
