1676 3028
377 141 541 189 INST.
578 137 858 188 ORATOR.
892 135 1014 181 Lm.
1050 134 1123 190 X,
1161 130 1206 176 6.
1298 129 1301 141 ·
1376 139 1470 187 185

127 271 250 339 plus
274 265 523 335 proderit,
561 282 723 333 quam
744 263 923 329 plures
947 258 1222 312 inchoatae
1248 268 1299 306 et
1324 255 1474 323 quafi
1539 267 1547 276 ·

129 344 442 413 degustatae.
499 349 723 410 Propter
747 337 898 405 quod
921 336 1127 395 accidit,
1166 345 1229 387 ut
1250 351 1349 383 nec
1373 333 1470 384 suo

128 425 251 474 loco
286 421 527 486 quidque
554 428 810 488 ponatur:
850 432 948 486 nec
982 414 1090 471 illa,
1129 428 1264 477 quae
1298 413 1472 477 prima

28 492 32 495 χ
86 520 89 524 ·
127 499 268 558 sunt,
288 497 496 547 servent
516 495 662 546 suam
683 496 880 561 legem:
913 490 1201 554 juvenibus
1222 487 1473 539 flosculos

101 577 379 628 „omnium
407 575 638 641 partium
671 575 729 621 in
770 587 855 628 ea,
917 565 1052 636 quae
1096 565 1221 616 sunt
1259 566 1474 624 dicturi,

133 652 576 719 congerentibus:
655 665 761 715 quo
793 645 886 705 fit,
959 656 1022 694 ut
1061 645 1333 703 timentes,
1403 659 1474 697 ne

131 729 402 796 sequentia
420 727 670 795 perdant,
707 725 883 792 priora
906 720 1251 772 confundant.

284 882 366 930 VI.
409 880 654 930 Proxima
688 876 807 926 stilo
841 878 1088 946 cogitatio
1122 873 1220 934 est,
1261 891 1397 938 quae
1425 884 1478 924 et

129 957 240 1027 ipsa
262 959 401 1008 vires
427 957 491 1007 ab
514 956 621 1006 hoc
652 955 857 1020 accipit,
885 965 938 1003 et
959 951 1031 1002 est
1052 953 1191 1002 inter
1213 951 1480 1005 scribendi

131 1144 237 1183 Voff.
266 1155 302 1181 2.
326 1154 365 1189 5.
402 1143 519 1182 Goth.
550 1143 649 1183 Jenr.
681 1143 798 1179 Tarv.
833 1142 931 1177 Mox
952 1141 1048 1179 Loc.
1081 1153 1171 1175 cum
1199 1140 1358 1190 postem
1395 1152 1483 1179 ante

131 1201 225 1239 Bad.
266 1203 345 1238 Una
377 1201 514 1237 solum.
747 1200 915 1249 quidque.
959 1197 1092 1233 Turic-
1122 1196 1227 1233 flor.
1270 1199 1308 1243 (a
1338 1212 1397 1248 pr,
1430 1214 1484 1236 m.

133 1260 316 1306 uterque)
357 1257 527 1307 quicquid
566 1270 653 1294 cum
685 1256 788 1292 Alm.
849 1255 922 1291 Ine
954 1268 975 1290 a
1002 1254 1072 1289 sec.
1111 1255 1315 1304 quicquam,
1362 1267 1400 1292 et
1432 1258 1484 1293 fio

134 1314 269 1362 Camp.
302 1327 390 1350 cum
424 1314 510 1350 edd.
541 1324 627 1350 ante
657 1312 808 1363 Gryph.
1068 1309 1313 1358 confundant.
1353 1313 1485 1350 Guelf-

133 1369 380 1418 eonfundunt.
664 1393 666 1395 ·

226 1495 260 1518 ι.
315 1474 574 1531 Inscrip'tione
604 1495 732 1518 carere
771 1480 960 1517 videntur
989 1479 1124 1516 Turio.
1167 1478 1274 1515 Flor.
1330 1481 1488 1521 Habent

133 1546 326 1588 receptam
348 1537 457 1574 illam
489 1539 535 1575 de
557 1539 787 1587 cogitatione
830 1535 957 1573 Guelf.
990 1535 1109 1571 Goth.
1139 1537 1238 1575 Jens.
1266 1547 1305 1573 et
1324 1538 1487 1588 reliqui,

134 1608 216 1632 non
239 1595 371 1644 Camp.
563 1596 707 1643 accipit,
731 1603 768 1629 et
790 1590 839 1641 est
862 1595 966 1629 incer.
998 1592 1132 1627 Turic-
1165 1595 1322 1642 accipiet
1346 1609 1442 1645 quae
1461 1599 1490 1635 ι’(

135 1665 158 1688 ι
193 1638 261 1688 iseo.
292 1664 345 1687 m.
381 1653 538 1702 accipiet
569 1652 668 1701 quod
698 1652 722 1685 i.
758 1649 864 1686 Flor.
895 1651 1036 1698 accipet
1065 1662 1160 1698 quae
1192 1651 1239 1690 i.‚
1280 1665 1299 1686 a
1332 1652 1400 1688 sec.
1433 1667 1487 1690 m.

136 1709 292 1758 accipiet
325 1718 363 1744 et
386 1704 440 1756 eft
471 1722 562 1758 quae
591 1710 615 1743 ί.
650 1708 782 1755 Camp.
825 1706 914 1754 (qui
944 1717 982 1742 et
1011 1706 1096 1749 hac)
1139 1708 1297 1754 accipiet
1332 1710 1434 1759 quod
1465 1713 1490 1748 i.

137 1764 329 1813 Suspicor,
358 1765 546 1816 primitus
566 1764 697 1800 fuiffe:
732 1764 868 1813 accipit
891 1759 1011 1812 estque
1032 1763 1055 1798 ι’.
1087 1775 1214 1811 neque
1248 1764 1352 1800 enim
1385 1779 1493 1802 com-
1550 1788 1558 1797 ι

136 1819 253 1857 moda
279 1819 420 1858 relatio
445 1820 496 1857 est
529 1821 634 1857 inter
663 1829 838 1860 ec—et,
880 1832 970 1855 cum
997 1818 1109 1868 prius
1139 1819 1285 1857 rectius
1314 1822 1499 1861 coalescat

138 1951 322 1990 Rollinus
341 1955 510 1996 monuit,
520 1931 790 2002 vertendoque

141 2009 321 2058 expreffit
350 2010 581 2058 Gedoynus)
608 2010 791 2059 pluribus

144 2064 387 2101 declamandi
437 2066 575 2101 diebus
615 2066 660 2101 ab
710 2078 792 2100 uno

850 1951 1034 2000 discipuli
1053 1951 1241 1993 humano,
1272 1963 1316 1988 ut
1344 1966 1414 2003 par
1439 1953 1500 2027 eq,

851 2019 888 2044 et
919 2007 1032 2043 civili
1062 2008 1234 2056 ingress'u
1254 2010 1311 2053 (5,
1345 2016 1382 2054 8,
1417 2011 1502 2058 59.)

850 2074 1037 2104 utuntur,
1069 2064 1265 2100 occasione
1294 2067 1503 2114 promendi

145 2120 314 2167 quodam
337 2121 528 2170 discipulo
562 2132 681 2157 totam
708 2134 794 2168 per-

144 2176 227 2211 texi
255 2177 469 2215 materiam.
525 2178 698 2224 Longius
718 2177 795 2211 die-

144 2246 226 2268 rum
287 2231 456 2282 spatium
519 2234 691 2282 pertinet
749 2232 797 2267 ad

145 2287 304 2329 „claffes
333 2291 439 2325 certis
481 2288 608 2325 diebus
638 2288 796 2328 audien·

131 2342 282 2386 ¹„das.“

207 2410 272 2445 23.
311 2400 466 2450 servent
509 2400 618 2451 suam
664 2401 796 2449 legem.

147 2455 352 2506 Ampliora
388 2458 469 2494 fere
515 2458 621 2494 fiunt
651 2458 798 2507 princi-

148 2514 213 2562 pia
259 2513 586 2551 declamationum
606 2540 617 2556 ‚
644 2520 646 2523 '
684 2514 801 2549 refer-

150 2581 265 2618 taque
295 2571 367 2611 iis,
395 2584 492 2619 quae
519 2571 682 2606 minime
717 2571 801 2616 ejus

149 2626 224 2662 [int
252 2626 345 2663 loci.
428 2628 569 2675 Neque
612 2627 717 2662 enim
743 2626 801 2660 in-

153 2681 334 2720 choantes
375 2682 440 2720 mi
483 2694 520 2719 et
562 2682 802 2733 degustantes

851 2118 971 2155 bellas
1022 2121 1104 2156 suas
1161 2121 1364 2158 sententias
1408 2135 1504 2159 mox

854 2174 1077 2212 destitutum
1123 2177 1157 2212 se
1206 2177 1258 2211 iri
1307 2178 1500 2216 timentes.

856 2229 1092 2278 Confundet-e
1122 2234 1252 2280 priora
1285 2234 1358 2270 erit
1377 2236 1503 2284 igitur

854 2287 1083 2336 permiscere
1114 2301 1155 2324 ea
1195 2289 1311 2326 rebus
1355 2290 1504 2334 alienis.

855 2356 927 2378 nec
962 2342 1143 2393 legitimo
1180 2345 1319 2382 ordine
1349 2349 1507 2385 tractari

855 2399 992 2435 [inere.

923 2525 955 2549 ι.
1002 2514 1185 2562 cogitatio
1233 2512 1296 2564 est.
1380 2517 1510 2554 Placet

860 2569 1044 2605 omittens
1069 2568 1118 2618 cst
1136 2570 1270 2607 Codex
1300 2587 1400 2609 unus
1421 2573 1510 2610 Flo-

859 2635 1046 2662 remmus.
1116 2666 1118 2669 ¹

918 2684 1065 2732 accipit,
1094 2691 1130 2719 ec
1152 2681 1214 2733 est.
1250 2684 1406 2736 cfsnot.
1427 2685 1514 2724 crit.
