1676 3028
256 267 354 324 406
559 269 634 314 M.
669 270 801 315 ΕΑΒ.
838 269 1248 328 QUINTILIANI

258 389 412 440 credo
440 390 497 439 in
521 391 616 439 illo
647 407 743 455 pro
767 390 1100 456 Ctesiphonte
1120 393 1306 443 timido
1326 392 1563 443 summis-

255 465 416 531 soque
448 466 733 530 principio:
774 465 843 514 sic
872 465 1146 515 formatam
1166 458 1430 518 Ciceronis
1453 485 1565 518 ma-

241 536 417 596 num,
456 557 577 588 cum
607 540 827 599 diceret,
869 544 947 598 Si,
982 542 1202 605 judices,
1235 546 1424 611 ingenii
1452 548 1563 602 mei,

256 611 568 686 qzcodsencio
589 613 825 688 quamsit
849 621 1105 685 exiguum.
1159 618 1352 666 Eadem
1370 619 1565 683 aliqua-

256 701 410 740 tenus
458 692 673 740 liberius
711 691 954 741 deorsum
998 691 1345 758 spectantibus
1389 692 1564 758 digitis

258 768 525 830 colligitur
544 768 602 815 in
622 785 717 816 nos
731 805 745 825 ,
784 779 834 816 et
853 767 1020 817 fusius
1043 770 1203 833 paulo
1221 770 1278 817 in
1301 767 1566 819 diversum

258 841 552 900 resolvitur,
585 854 645 891 ut
668 844 1057 908 quodammodo
1080 843 1372 893 sermonem
1393 842 1567 909 ipsum

184 926 237 969 98
255 916 492 982 proferre
527 917 779 968 videatur.
841 921 999 969 Binos
1031 920 1242 968 interim
1268 921 1459 985 digitos
1485 918 1654 967 ‹li-1020

255 992 591 1058 stinguimus‚
628 993 715 1042 secl
741 1013 850 1044 non
871 994 1064 1044 inserto
1093 996 1312 1061 pollice,
1349 995 1568 1060 paulum

253 1078 426 1117 tamen
455 1068 796 1120 inferioribus
823 1073 958 1119 intra
985 1069 1343 1136 spectantibus,
1378 1069 1464 1118 sed
1496 1084 1565 1117 ne

252 1207 341 1245 loco
358 1210 454 1247 Jens.
479 1221 516 1246 et
534 1209 619 1246 rell.
640 1225 660 1246 a
684 1211 870 1247 Cicerone
895 1224 974 1247 non
997 1211 1196 1248 abludunt.
1438 1212 1477 1246 ἰη
1496 1222 1574 1246 nos.

252 1266 314 1299 Sic
337 1265 468 1300 Turio.
486 1265 588 1300 Flor.
610 1266 741 1302 Ambr.
763 1278 798 1302 2.
821 1266 947 1302 Guelf.
971 1268 1101 1315 Camp.
1124 1280 1211 1302 cum
1227 1266 1327 1302 Alm.
1350 1264 1437 1300 Ald.
1460 1265 1567 1301 Gesn-

250 1319 410 1367 Reliqui
428 1322 466 1354 in
488 1333 541 1360 os,
572 1334 740 1368 quorum
763 1321 812 1356 est
834 1322 953 1356 Goth.
973 1322 1072 1359 Vall.
1106 1322 1228 1357 Modo
1251 1321 1394 1357 tollitur
1415 1320 1518 1357 Vols.
1535 1332 1568 1355 ι.

252 1375 396 1421 colligit
423 1377 519 1413 Jcns.
549 1388 635 1410 cum
665 1377 749 1412 edd.
780 1378 934 1424 posterr.
966 1388 1050 1412 ante
1078 1377 1163 1412 Ald.
1184 1391 1249 1412 nos
1271 1375 1419 1424 effusius
1438 1373 1565 1411 Guelf-

251 1429 394 1479 diversa
417 1431 533 1466 Goth.
555 1433 653 1470 Jens.
673 1445 759 1467 cum
783 1432 868 1468 edd.
887 1433 1044 1480 posterr.
1069 1444 1153 1467 ante
1171 1433 1281 1468 Leid.
1307 1444 1386 1467 exc.
1403 1430 1491 1467 Ald.

331 1535 395 1575 98.
425 1530 549 1566 Binos.
578 1531 710 1566 Ambr.
732 1542 770 1568 2.
798 1531 924 1566 Guelf.
956 1532 1071 1567 bonis.
1118 1531 1225 1566 Alter
1252 1541 1288 1566 et
1314 1543 1408 1565 mox
1439 1529 1568 1576 digitis

250 1594 270 1617 a
290 1583 356 1618 sec.
386 1597 438 1620 m.
467 1584 572 1620 Dein
600 1586 696 1625 Jens.
728 1587 817 1634 (tac.
849 1587 978 1634 Gesn.)
1008 1589 1143 1622 incerto
1175 1599 1264 1622 cum
1302 1585 1386 1622 edd.
1410 1584 1568 1636 posterr-

249 1649 334 1674 ante
353 1640 440 1676 Ald.

308 1771 372 1807 97.
399 1760 671 1810 [informatam
689 1764 880 1800 Ciceronis.
992 1766 1029 1798 in
1049 1774 1126 1799 nos.
1146 1762 1364 1798 Rectissime
1386 1761 1570 1797 Gesnerus

250 1817 371 1856 „Non
390 1818 514 1852 credit'
530 1817 662 1858 Fabio,
685 1829 784 1853 certe
803 1833 882 1854 non
936 1818 1033 1854 hanc
1054 1819 1276 1867 scripturam
1297 1828 1446 1856 tuetur,
1467 1817 1567 1863 quia,

250 1872 415 1918 „probat
435 1872 537 1907 hunc
558 1872 701 1921 gestum
715 1876 753 1908 P.
768 1876 881 1910 Frau—
937 1875 1042 1923 quod
1063 1874 1157 1909 alibi
1177 1873 1331 1921 legitur,
1359 1874 1395 1906 in
1415 1884 1455 1906 os
1475 1885 1568 1912 „ur-

250 1926 360 1965 ‚,cius
386 1928 428 1963 in
447 1929 609 1976 Specim.
628 1928 740 1977 Eloq.
763 1941 879 1965 exter.
935 1931 1120 1970 „sorum“
1166 1929 1238 1964 fibi
1285 1928 1355 1962 effe
1392 1926 1568 1963 videatur

251 1994 315 2029 „p-
338 1981 401 2024 65.
442 1985 496 2019 Ac
516 1984 611 2023 sane,
642 1984 718 2019 sive
742 1982 880 2032 sep'ten-
934 1996 1026 2024 ‚,aut
1060 1985 1280 2024 simiarum,
1325 1994 1406 2018 non
1444 1992 1569 2017 orato-

251 2037 455 2077 „trionalis
504 2038 616 2087 plaga
658 2039 882 2087 frigidiores
938 2046 1101 2080 „rum.“
1120 2040 1166 2075 cf.
1186 2039 1218 2082 ᾗ.
1242 2045 1304 2086 89.
1332 2046 1422 2080 103.
1461 2037 1571 2073 Idem

250 2104 348 2131 „nos
377 2093 488 2135 facit,
528 2094 606 2129 sive
632 2105 731 2130 aetas
761 2096 884 2130 nostra
939 2093 1169 2132 illustrandis
1194 2094 1290 2133 istis,
1323 2102 1364 2128 ut
1395 2094 1571 2142 quodam-

250 2147 516 2187 „moderatior
567 2150 763 2185 tardiorve
814 2151 884 2191 est,
941 2151 1303 2192 modo—videatur,
1330 2149 1423 2184 haec
1443 2148 1569 2183 addit:

250 2203 398 2250 „gestus
428 2205 583 2251 quidam
609 2205 885 2251 Quinctilianei
939 2207 1013 2246 „ad
1042 2207 1117 2242 hoc
1145 2207 1228 2240 satis
1256 2205 1325 2240 effe
1345 2203 1513 2244 videtur,
1541 2202 1572 2236 fi

249 2271 407 2305 „parum
429 2261 561 2296 decere
588 2260 735 2296 nostros
755 2261 884 2296 homi·
939 2261 1127 2303 „collecta
1165 2272 1201 2296 et
1224 2262 1352 2296 versus
1382 2259 1569 2294 dicentem

248 2325 340 2351 ‚mes
397 2315 591 2351 videntur.
605 2321 629 2336 “
683 2316 879 2351 Gesnerus.
935 2318 1108 2358 „directa
1139 2329 1274 2351 manus
1303 2316 1345 2350 in
1376 2313 1566 2349 diversum

247 2368 398 2404 Locum
425 2371 495 2406 effe
524 2371 709 2419 principii
735 2371 880 2406 Tullia·
934 2374 983 2412 „R
1005 2373 1049 2406 ad
1071 2374 1263 2408 auditores
1286 2371 1376 2406 dum
1393 2369 1566 2403 refertur.

249 2434 318 2456 nac
346 2436 415 2470 pro
437 2427 578 2461 Archia
606 2438 720 2461 nemo
749 2428 878 2461 nescit
934 2428 1190 2467 „resolvatnn
1246 2433 1290 2457 ut
1328 2419 1484 2469 ΡΤΟᾶῘΤθ
1518 2431 1565 2454 0¹

250 2477 533 2526 cf.n,1,19.
934 2479 1084 2520 „clauso
1152 2477 1330 2514 videatur
1374 2475 1527 2510 oratio.

306 2533 544 2582 aliquatenus.
556 2535 750 2585 Displicet
763 2547 875 2582 quam
935 2535 1049 2581 Quod
1071 2546 1253 2583 reponeie
1269 2530 1367 2567 velit
1383 2530 1564 2565 Francius

247 2589 414 2623 maxime
433 2589 507 2625 hoc
526 2589 754 2628 ‘adverbium
767 2589 879 2624 altexi
901 2589 992 2638 sur
976 2589 1069 2636 rsum
1098 2601 1169 2637 pro
1201 2586 1384 2635 deorsum,
1415 2584 1565 2620 facilio-

246 2641 539 2684 rupeJadditum.
628 2648 684 2682 Με
684 2646 763 2680 lim
811 2646 881 2680 ali·
935 2658 1015 2679 rem
1066 2645 1148 2678 sane
1192 2643 1238 2677 ad
1277 2639 1564 2689 imaginandum

249 2706 409 2744 quanto,
450 2711 487 2737 et
512 2703 634 2752 magis
665 2702 781 2738 etiam
811 2701 880 2736 ali·
934 2699 1090 2748 praestat
1118 2698 1279 2746 gestum,
1310 2696 1371 2732 [ed
1390 2695 1466 2732 hoc
1483 2706 1564 2730 non

249 2753 406 2799 quando.
936 2754 985 2790 est
1003 2754 1178 2790 criticum
1199 2765 1323 2802 agere.
