1676 3028
376 197 539 243 1Nsr.
577 166 854 244 ORATOR.
889 197 1010 243 121ss.
1047 196 1156 254 ΧΠ,
1192 211 1239 243 2.
1346 160 1471 254 w525

124 339 265 390 „vere
302 321 455 373 dicet.
543 321 780 375 Cum-fit
821 323 995 374 omnis
1027 323 1284 390 generalis
1319 341 1477 390 quae·
1504 335 1553 377 ³8

131 403 166 424 ΤΔ

115 446 236 506 „qnid
267 456 335 492 hic
370 456 559 494 tribuitur
588 456 677 493 viro
708 456 837 498 bono,
887 466 924 493 et
958 455 1030 493 soli
1059 456 1289 505 pronomini
1319 459 1381 506 qui
1413 471 1476 506 ap-

124 512 305 562 fp1'ieare,
336 524 381 549 ut
405 514 570 549 verbum
595 513 720 562 ipsum
751 513 955 549 sententiae
981 512 1236 562 repetendum
1265 514 1311 549 sit
1331 513 1473 550 exilio

125 569 235 605 dicet
263 570 308 604 in
339 569 555 619 quaestione
580 570 828 618 praecedente
854 570 992 619 posito,
1022 570 1127 618 quasi
1153 569 1206 605 ita
1231 568 1295 604 illi
1318 570 1473 619 respon·

107 619 292 662 'vdeaturz
351 625 491 668 „dicet
516 627 675 674 quidem
711 637 862 666 orator,
918 626 978 661 sed
1011 626 1065 661 ita
1099 626 1256 662 demum
1283 626 1406 667 dicet,
1443 626 1475 662 si

138 681 288 724 „fuerit
316 682 381 718 vir
409 682 549 723 bonus,
582 684 650 732 qui
673 689 769 718 etc.“
798 683 842 717 ln
870 682 942 718 hac
968 693 1094 719 autem
1135 682 1199 718 ille
1225 696 1304 719 non
1334 681 1474 731 placet,

136 738 267 787 positu
292 737 422 774 saltem
451 739 732 775 amandandum
757 738 842 788 post
869 738 984 775 bonus
1013 749 1051 775 et
1080 753 1127 774 ne
1158 739 1208 774 sic
1236 739 1396 788 quidem
1425 740 1476 774 sa·

137 794 188 830 tic
214 794 376 831 clarum.
435 796 544 831 Hanc
564 787 848 831 'difficultatem
877 808 1029 832 mecum
1060 795 1130 844 qui
1159 795 1336 836 senserit,
1394 796 1474 832 sen-

135 851 296 892 tentiam
325 851 518 900 integram
546 853 591 887 in
617 851 727 904 iiisce
760 852 958 900 requiret,
1013 852 1136 888 verbo
1168 853 1234 888 suo
1267 851 1475 901 principali

139 918 220 942 non
247 918 462 955 car‚entem;
494 901 612 956 eaque
642 909 859 957 potiemur.
887 909 916 944 si
941 921 1014 957 pro
1044 908 1108 952 sed
1139 909 1239 959 quod
1262 907 1357 958 sciet
1386 909 1474 944 scri-

136 965 326 1013 pserimun
348 972 384 998 et
405 978 438 1012 q.
459 963 494 1013 s.
529 964 632 1000 unde
660 963 835 1014 legitima
864 964 933 1000 illa
953 965 1126 1000 nascetur
1157 963 1385 1013 copularum
1409 978 1476 999 nec

137 1032 240 1056 —et
264 1021 462 1056 structura.
532 1021 597 1056 Sic
624 1020 1039 1070 perceperit—sentiat
1067 1020 1231 1056 absolvit
1261 1020 1475 1066 subjectum

135 1078 164 1114 i.
199 1090 301 1119 eum,
332 1075 380 1113 de
411 1089 490 1124 quo
521 1086 667 1124 agatur,
696 1077 828 1112 virum
857 1078 1019 1119 bonum,
1052 1090 1169 1125 quem
1199 1077 1379 1126 deinceps
1401 1090 1473 1113 no-

121 1133 208 1170 ·fier
236 1133 341 1171 dicat
377 1146 479 1175 „nec
513 1131 711 1174 laborare,
753 1141 789 1168 et
819 1134 983 1169 dicere“.
1057 1132 1099 1168 Si
1131 1133 1218 1181 quis
1253 1143 1381 1168 tamen
1401 1131 1474 1182 sed

137 1191 320 1227 maluerit
340 1199 502 1239 propter
525 1190 698 1238 opposita
717 1190 915 1226 laborandi
938 1200 976 1226 et
992 1203 1077 1225 vere
1099 1190 1246 1224 dicendi
1264 1189 1404 1230 verba,
1436 1191 1474 1226 ei

136 1248 332 1283 succurret
359 1246 545 1294 [criptura
572 1246 770 1285 Gothum,
800 1248 902 1282 unde
933 1247 1027 1282 haec
1054 1256 1180 1281 eruat:
1213 1260 1280 1281 nec
1300 1248 1339 1281 in
1358 1259 1473 1295 agen-

137 1303 188 1339 do
219 1316 284 1339 nec
320 1304 358 1337 in
393 1302 592 1348 cogitando
633 1302 831 1339 laborabit.
910 1301 1105 1338 oneratur
1134 1303 1218 1338 sane
1250 1301 1374 1338 tribus
1402 1301 1475 1352 sed

136 1358 232 1396 haec
261 1357 380 1395 nostri
409 1357 554 1393 oratio:
615 1358 676 1393 sed
707 1358 784 1394 hoc
816 1359 915 1394 ferre
957 1357 1195 1399 didicimus3
1253 1371 1324 1394 nec
1359 1358 1473 1407 quid.-

137 1428 253 1463 quam
282 1415 444 1464 proficit
471 1414 602 1450 Turic.
628 1423 666 1449 et
693 1417 754 1463 qui
777 1417 928 1451 virtutes
953 1414 1141 1450 exhibens
1169 1427 1242 1463 pro
1265 1413 1335 1463 sed
1365 1429 1400 1464 q.
1433 1429 1470 1451 v.

133 1472 342 1507 Attendere
362 1480 488 1505 autem
510 1470 618 1506 decet
634 1471 831 1506 venustam
857 1470 1099 1506 locutionem
1129 1473 1271 1505 aurium
1303 1480 1407 1507 tenus
1433 1473 1473 1506 in

124 1527 236 1578 ‘usum
264 1528 434 1576 linguae,
466 1525 536 1560 ubi
556 1526 835 1562 demonstratur
859 1527 1040 1562 transitus
1066 1525 1134 1562 ille
1163 1526 1392 1563 celerrimus
1420 1528 1473 1563 se·

133 1598 246 1621 verae
275 1584 323 1620 de
353 1581 532 1618 moribus
565 1593 602 1618 et
629 1583 774 1618 virtute
804 1583 1002 1618 doctrinae
1030 1583 1078 1619 ab
1106 1596 1198 1619 aure
1229 1583 1275 1617 ad
1308 1596 1374 1625 os,
1406 1597 1472 1633 pe·

133 1653 239 1678 ctore
270 1641 479 1687 animoque
519 1651 763 1687 nequaquam
795 1640 993 1675 contactis.
1057 1640 1132 1676 Vir
1157 1638 1282 1675 malus
1314 1640 1472 1676 dicendi

134 1698 323 1735 studiosus
361 1696 500 1744 arripit
535 1708 787 1743 quaecunque
820 1696 866 1730 de
898 1695 1039 1741 justitia
1066 1695 1252 1735 audierit,
1292 1707 1346 1735 „ut
1376 1710 1472 1734 mox

136 1754 346 1790 deblateret
372 1751 516 1787 eadem.
577 1751 662 1786 Nec
691 1751 775 1787 satis
802 1750 886 1791 illi,
918 1751 989 1798 qui
1011 1752 1141 1799 lingua
1160 1752 1369 1789 scriberent
1395 1767 1469 1802 pro

135 1812 309 1858 linguae,
340 1817 525 1856 ceperunt
545 1805 644 1855 usum
669 1807 841 1855 linguae,
880 1819 978 1855 quae
998 1807 1074 1852 jam
1103 1808 1232 1856 coepit
1262 1810 1299 1843 in
1320 1807 1470 1856 quaestu

137 1866 207 1918 effe
238 1864 305 1910 (cf.
334 1878 368 1900 1.
388 1866 477 1898 Pro.
503 1865 598 1909 13.),
631 1875 806 1911 quaeque
827 1862 891 1898 hic
913 1875 1002 1897 curn
1025 1863 1157 1912 aliquo
1189 1874 1387 1900 contemtu
1410 1866 1468 1900 di-

136 1926 260 1962 citur,
302 1918 415 1956 velut
445 1921 668 1954 mercenaria
694 1932 768 1954 vox
804 1929 875 1960 12,
919 1931 962 1957 ι,
994 1927 1058 1965 25.
1116 1920 1231 1970 „Qui
1259 1930 1385 1956 autem
1415 1924 1468 1958 ita

130 1979 294 2030 „sentiat
319 1977 417 2012 ficut
444 1974 659 2022 loquitur“
686 1974 718 2011 is
750 1975 905 2010 demum
931 1974 1146 2011 audiendus
1170 1976 1218 2010 est
1252 1976 1298 2011 de
1319 1977 1468 2014 virtute

134 2037 289 2075 dicens3
322 2031 420 2068 dicit
449 2030 552 2067 enim
581 2045 664 2067 vere
695 2031 722 2066 i.
756 2032 920 2067 sensibus
950 2044 997 2065 ex
1020 2032 1102 2080 ipso
1134 2032 1264 2068 animo
1283 2034 1464 2081 promtis,

134 2091 280 2142 quique
309 2088 381 2124 [ibi
412 2087 485 2136 ipsi
513 2086 633 2122 fidem
664 2087 806 2122 faciant
827 2087 931 2136 apud
961 2088 1178 2128 auditores;
1210 2088 1258 2124 cf.
1277 2095 1314 2134 4,
1339 2098 1375 2129 2,
1398 2097 1465 2135 38.

134 2146 308 2196 Superest
342 2154 386 2180 ut
412 2155 658 2184 moneamus,
717 2157 791 2179 non
830 2143 933 2179 illud
965 2155 1050 2179 ante
1082 2144 1228 2179 vocibus
1258 2157 1466 2182 commune

133 2204 204 2240 effe
232 2202 307 2238 toti
337 2200 478 2241 sensui,
533 2211 614 2235 non
644 2199 906 2236 adhaerescere
941 2199 1013 2236 soli
1043 2201 1250 2250 participio
1281 2210 1371 2237 nota
1401 2213 1468 2238 aut

130 2257 342 2310 particulae
375 2265 539 2294 tanturm·
568 2268 685 2303 quare
705 2256 1007 2305 propagabimus
1038 2258 1284 2305 negationem
1312 2258 1359 2292 ad
1381 2271 1466 2294 ver-

131 2317 226 2353 bum
255 2315 380 2364 ipsum
413 2314 636 2361 perceperit,
669 2313 734 2348 cui
768 2313 906 2348 deinde
938 2313 1143 2362 respondet
1159 2311 1361 2361 sed—ita
1381 2313 1465 2364 sen-

130 2375 213 2409 tiae.
274 2372 384 2406 Hanc
412 2381 484 2404 nos
511 2368 717 2404 structurae
742 2369 939 2404 rationem
965 2368 1150 2404 tollendis
1177 2369 1342 2419 aliquot,
1368 2383 1466 2419 quae

129 2428 228 2464 male
258 2427 352 2462 haec
379 2424 608 2460 distinebant
638 2435 674 2460 et
702 2425 915 2474 sepiebant,
966 2423 1137 2474 virgulis
1164 2425 1383 2476 planiorem
1411 2427 1464 2463 fe-

129 2476 266 2522 eimus.
299 2482 406 2528 [Vid.
436 2480 555 2523 ΑΜ]

217 2548 280 2587 ¹8·
345 2541 435 2576 Cum
455 2535 511 2586 sit
541 2539 670 2572 omnis.
733 2537 796 2573 Sic
827 2537 961 2574 Turio.
992 2552 1021 2574 c.
1051 2546 1174 2578 autem
1203 2553 1237 2576 o.
1270 2539 1398 2577 Guelf.
1431 2553 1463 2577 c.

188 2683 250 2722 ¹8·
306 2674 485 2724 generalis
535 2658 767 2721 quaefiio—
824 2671 887 2709 his
925 2675 1114 2722 potentior
1142 2674 1307 2724 accipias
1340 2688 1383 2711 ea
1409 2675 1465 2716 vi,

131 2735 227 2783 quod
249 2730 450 2782 universum
471 2727 531 2781 esc.
598 2729 699 2768 cave
723 2729 765 2765 in
825 2742 901 2779 qua
919 2731 1144 2782 usurpatum
1154 2731 1205 2768 est
1220 2744 1282 2776 io,
1301 2745 1338 2776 ι,
1353 2740 1465 2785 ²72⁰t
