1676 3028
348 195 513 242 INST.
551 194 832 257 ORAJLOR.
859 194 989 266 ΙΙΔῙΒ.
1027 188 1182 250 Χ,’5.
1349 201 1444 248 175

92 322 245 390 quod
271 333 507 374 auctores
538 322 755 371 maximi
782 319 854 370 fic
896 320 1211 386 diligentius
1252 313 1450 385 cogne-

93 400 349 451 scuntur‘?
421 402 554 450 Non
603 402 748 449 enim
786 397 975 464 scripta
1010 399 1243 447 lectione
1269 395 1452 446 secura

96 480 535 528 transcurrimus:
615 476 706 526 sed
754 480 1035 525 tractamus
1090 473 1323 540 singula,
1403 483 1456 522 et

10 553 384 618 943necess'ario
419 554 835 621 introspicimus,
874 564 951 611 et,
993 562 1254 618 quantum
1282 551 1457 600 virtu-

97 634 165 682 tis
187 633 430 690 habeant,
470 633 559 681 vel
596 632 699 682 hoc
733 629 847 698 ipso
881 628 1267 696 cognoscimus,
1307 627 1459 692 quod.

100 710 300 759 imitari
333 727 445 759 non
480 702 767 775 p‘oss‘umus.
886 709 1003 757 Nec
1044 708 1213 756 aliena
1244 716 1453 754 tantum
1475 718 1504 756 9

100 786 414 844 transferre,
465 785 555 834 sed
592 789 752 835 etiam
785 784 960 835 nostra
993 784 1242 850 pluribus
1275 782 1458 832 modis

99 873 316 912 tractare
353 863 620 928 proderit:
682 873 744 912 ut
786 879 851 910 ex
888 861 1148 911 industria
1188 859 1460 910 sumamus

103 938 382 989 sententias
417 939 695 1004 quasdam,
745 955 939 1003 easque
978 938 1251 988 versemus
1296 954 1461 1003 quam

101 1015 540 1075 numerofflfime,
583 1017 736 1065 velut
772 1015 957 1066 eadem
991 1032 1106 1064 cera
1137 1016 1267 1063 aliae
1298 1026 1458 1079 atque

104 1093 235 1142 aliae
272 1092 475 1143 formae
506 1093 633 1143 duci
674 1092 856 1143 solent.
935 1093 1238 1142 Plurimum
1281 1101 1460 1140 autem

99 1166 274 1236 parari
295 1169 556 1221 facultatis
584 1169 823 1220 existimo
846 1187 910 1218 ex
942 1167 1309 1236 simpliciffima
1331 1185 1461 1232 qua-

103 1264 211 1312 que
242 1250 472 1296 materia.
554 1249 695 1296 Nam
728 1249 788 1296 in
829 1248 920 1295 illa
953 1247 1245 1312 multiplici
1278 1241 1463 1317 perso-

103 1340 306 1382 narum,
347 1320 639 1396 causarum,
677 1335 980 1388 temporum,
1020 1324 1262 1382 locorum,
1302 1323 1463 1371 dicto-

103 1491 141 1526 g.
157 1475 191 1526 s.
215 1479 322 1525 copia
360 1490 448 1512 cum
473 1477 578 1514 Voff.
608 1491 642 1512 ι.
665 1486 704 1520 3.
877 1487 1054 1514 auctores.
1087 1478 1220 1526 Camp.
1253 1484 1434 1513 oratores.

191 1533 470 1583 cognoscuntur.
501 1534 633 1570 Turio.
664 1533 769 1570 Flor.
800 1535 839 1579 (a
858 1547 916 1583 pr.
937 1549 990 1570 m.
1016 1536 1198 1582 uterque)
1242 1531 1463 1582 cognoscan-

108 1600 166 1627 tur
196 1600 286 1626 cum
306 1589 408 1626 Alm.
642 1589 733 1638 ipso.
766 1591 900 1626 Turio.
930 1591 1036 1628 Flor.
1069 1593 1107 1636 (a
1125 1605 1183 1640 pr.
1205 1604 1257 1626 m.
1279 1591 1463 1638 uterque)

108 1645 191 1696 ipsi.
422 1645 620 1696 poffumus.
650 1649 782 1683 Turie-
815 1647 918 1684 Flor.
951 1648 1036 1693 (hic
1060 1661 1079 1683 a
1100 1661 1159 1696 pr.
1179 1651 1251 1693 m.)
1277 1644 1463 1696 poffimus.

107 1718 128 1740 a
150 1705 219 1739 sec.
241 1716 292 1738 m.
325 1704 458 1740 Turic.
489 1703 610 1739 modo
638 1706 792 1740 imitare.

196 1771 232 1807 9.
262 1760 441 1809 pluribus.
471 1759 591 1796 Goth.
625 1760 722 1798 Jens.
753 1762 922 1809 plurimis
951 1774 1040 1796 cum
1063 1760 1148 1796 edd.
1183 1760 1344 1810 posterr.
1378 1768 1465 1794 ante

79 1841 84 1844 -
111 1815 200 1852 Ald.
232 1829 309 1852 acc.
338 1816 457 1857 Bad.;
488 1817 637 1852 omittit
666 1819 785 1852 modis
817 1817 913 1854 Obr.
940 1831 1011 1867 per
1039 1818 1224 1855 errorem.

184 1873 297 1915 *aliae
328 1882 439 1923 atque
468 1873 567 1908 aliae
587 1872 740 1920 formae
764 1872 966 1923 —solent.
1014 1874 1147 1910 Turic.
1197 1876 1234 1909 in
1265 1874 1343 1909 alia
1372 1872 1469 1907 alias

113 1943 207 1977 quae
230 1929 361 1977 forma
386 1929 596 1979 -Jolent,
639 1944 659 1964 a
689 1931 756 1966 sec.
788 1944 841 1967 m.
872 1930 985 1979 solet.
1026 1930 1130 1966 Flor.
1176 1933 1214 1966 in
1247 1931 1341 1966 alias
1375 1941 1470 1978 quae

106 1985 256 2034 formae
280 1985 404 2034 —-s.,
456 2000 475 2020 a
505 1986 575 2020 sec.
607 1999 659 2021 m.
690 1988 789 2022 aliae
821 1988 992 2036 aliaeque
1015 1988 1049 2035 f.
1073 1987 1176 2036 —s.
1221 1985 1349 2023 Guelf.
1391 1984 1471 2019 alia

114 2042 283 2091 aliaeque
305 2041 606 2090 f.—J.Al1n.
650 2045 687 2076 in
716 2044 795 2078 alia
825 2045 993 2094 aliasque
1016 2043 1166 2092 formas
1188 2042 1290 2092 —s.
1335 2042 1469 2089 Camp-

115 2100 155 2133 ἰη
176 2097 270 2132 alias
289 2106 398 2146 atquc
419 2099 514 2133 alias
526 2097 676 2145 formas
696 2119 749 2126 ·—
763 2099 876 2148 solet.

206 2165 270 2188 10.
322 2156 464 2200 parari.
501 2154 634 2189 Turio.
686 2169 822 2202 parare
887 2169 976 2191 cum
1012 2157 1118 2195 Voff.
1157 2170 1190 2192 ι.
1226 2165 1263 2199 3.
1314 2161 1472 2202 paratae

116 2209 246 2247 Guelf.
452 2228 458 2232 s
532 2210 634 2244 Nam
667 2212 715 2247 in.
758 2212 890 2247 Turic.
923 2212 1028 2248 Flor.
1062 2212 1191 2248 Guelf.
1223 2211 1342 2247 Goth.
1371 2209 1471 2249 Jens.

119 2269 210 2312 (tac.
241 2265 369 2310 Gesn.)
418 2265 550 2315 Camp.
603 2267 718 2302 Taw.
770 2268 960 2304 omittunt
1012 2271 1048 2303 in
1088 2282 1176 2310 cum
1207 2266 1312 2304 Voff.
1351 2279 1388 2305 1.
1436 2275 1474 2301 2.

120 2324 169 2358 N.
195 2325 244 2357 .ιή
274 2322 354 2357 ulla
381 2323 487 2360 Voss.
510 2332 546 2366 5.
784 2324 987 2373 causarum.
1022 2325 1157 2360 Turio.
1199 2323 1303 2360 Flor.
1341 2323 1426 2368 (hic
1456 2335 1479 2356 a

115 2392 176 2429 pr.
199 2378 272 2425 m.)
292 2379 483 2415 omittunt
503 2392 593 2415 cum
614 2380 718 2415 Alm.
748 2380 925 2420 Viciffim
957 2382 1139 2418 dictorum
1170 2380 1271 2417 abest
1289 2379 1424 2418 aVoff.
1440 2387 1478 2423 5.

175 2523 212 2560 9.
225 2510 517 2562 numerofiffime.
530 2512 576 2548 cf.
592 2519 614 2557 8
627 2515 713 2550 Pro.
729 2526 764 2552 2.
825 2514 871 2550 de
894 2513 989 2550 eloe.
1019 2519 1052 2564 ᾗ.
1075 2512 1168 2562 296.
1189 2527 1227 2563 p.
1251 2511 1366 2547 Schn.
1384 2524 1399 2545 1
1411 2523 1426 2544 ι
1438 2518 1474 2554 5·

181 2570 309 2604 eadem
329 2582 409 2603 cera
428 2589 478 2596 --
501 2569 595 2604 duci.
626 2570 672 2606 cf.
702 2583 763 2614 10,
824 2570 924 2607 Plin.
943 2581 980 2615 7,
1015 2584 1050 2620 9,
1085 2584 1101 2605 ι
1115 2584 1146 2608 ι.
1177 2570 1258 2607 Cic.
1277 2569 1324 2604 de
1346 2567 1415 2606 Or.
1434 2575 1474 2612 5,

118 2632 157 2667 5,
181 2635 258 2668 ²7.·
275 2625 446 2660 Eandem
471 2638 578 2661 cerae
600 2626 768 2675 fingenti
827 2634 891 2672 45.
925 2630 959 2675 §.
988 2638 1078 2673 177.

119 2677 260 2716 habilis
279 2681 488 2729 imaginem
507 2682 768 2721 demonstrant

121 2733 207 2792 VV7
237 2737 327 2773 DD.
373 2738 477 2786 apud
516 2739 765 2778 Demetrium
888 2753 950 2776 ιο.
981 2738 1183 2790 causarum.
1214 2737 1261 2774 cf.
1285 2746 1365 2773 not.
1390 2734 1475 2770 crit.

1485 1111 1536 1135 10
