1676 3028
242 241 339 286 230
555 231 629 275 M.
665 231 799 277 ΕΑΒ.
835 226 1244 288 ρυιΝΤιιιΑΝι

242 355 337 418 qui
363 354 465 402 hoc
492 363 674 400 natura
702 349 810 416 ipsa
842 351 920 397 rei
942 367 1052 398 non
1072 349 1317 398 indecens
1338 348 1551 399 faciant:

242 440 302 478 ut
322 446 440 476 cum
462 440 606 493 pater
627 444 690 474 ex
709 425 977 474 meretrice
996 434 1195 481 natum,
1226 424 1372 488 quod
1389 421 1550 474 duxe-
1560 441 1638 483 980

245 506 316 553 rit
366 504 690 552 meretricem
747 502 806 549 in
853 501 1273 568 matrimonium,
1341 500 1551 551 abdicat.

189 615 211 639 ,κ
244 578 548 628 Scholastica
570 579 805 633 materia,
843 562 932 624 sed.
959 592 1096 632 non,
1133 591 1265 639 quae
1283 591 1392 623 non
1412 575 1557 641 poffit

234 654 489 722 accidere.
568 655 667 702 Hic
709 654 872 718 igitur
907 652 1072 700 multa
1105 667 1216 700 non
1253 649 1558 700 deformiter

329 811 394 849 32.
429 803 587 852 faciant.
627 803 688 838 Sic
716 803 848 841 Turic.
866 803 967 840 Flor.
988 803 1146 854 Reliqui
1159 801 1318 851 faciunt.
1349 803 1471 840 Codd.
1491 803 1559 840 ob-

246 871 511 907 temperamus,
536 859 581 894 cf.
607 870 668 898 ιο,
691 871 723 899 1,
738 865 801 902 44.
1027 868 1134 907 pater
1155 860 1258 893 —in
1278 861 1558 898 matrimonium.

246 917 375 951 Tmmic
399 925 506 964 patre
537 927 579 948 ex
603 917 820 950 meretricem
852 917 1143 951 immatrimoniu.
1168 914 1269 950 Flor.
1296 925 1403 962 patre
1424 927 1468 948 ex
1487 926 1558 949 me·

244 973 406 1006 reti-icem
431 974 468 1005 in
491 972 757 1005 matrimonium
779 983 865 1006 cum
885 971 1008 1007 Guelf.
1033 982 1070 1006 et
1082 970 1177 1006 Alm.
1199 969 1270 1005 nisi
1291 970 1396 1019 quod
1418 970 1560 1006 horum

247 1025 341 1061 alter
359 1027 483 1065 habet,
503 1025 597 1060 alter
613 1026 755 1060 dicitur
775 1026 914 1062 habele
934 1036 1040 1074 pater
1062 1037 1099 1061 et
1118 1027 1310 1064 meretrice
1333 1025 1448 1061 Goth.
1469 1027 1560 1069 (err.

247 1082 374 1124 Gesn.)
390 1091 494 1128 pater
512 1089 637 1115 natum
661 1082 757 1127 quod
778 1091 874 1117 amet
894 1084 1109 1116 meretricem
1130 1094 1214 1116 cum
1231 1081 1328 1117 Vols.
1341 1091 1377 1116 2·
1397 1081 1462 1125 (cf.
1477 1080 1562 1127 79.)

245 1138 345 1172 Mox
368 1136 465 1172 Vall.
487 1143 592 1184 pdter
619 1145 746 1171 natum
768 1150 811 1171 ex
834 1139 1016 1172 meretrice
1046 1138 1143 1185 quod
1163 1146 1260 1171 amet
1283 1138 1503 1171 meretricem
1525 1136 1563 1168 in.

247 1194 543 1230 matrimonium,-
581 1192 642 1227 sed
671 1192 781 1226 valde
811 1193 987 1240 suspicor,
1019 1192 1083 1227 hic
1106 1191 1271 1239 aliquam
1292 1192 1362 1226 effe
1382 1191 1565 1226 versatam

248 1247 551 1282 emendationem
575 1245 723 1295 (quales
749 1260 828 1282 non
851 1260 937 1282 raro
966 1247 1133 1295 agnoscit
1158 1249 1198 1282 in
1224 1259 1268 1282 eo
1295 1245 1389 1282 Cod.
1406 1246 1562 1285 Badius,

246 1301 354 1351 velut
377 1302 422 1337 ad
444 1306 476 1348 ᾖ.
500 1303 614 1348 72.);
645 1313 681 1338 et
709 1302 802 1337 haec
825 1303 872 1337 est
893 1302 1069 1337 obtinens
1089 1315 1108 1336 a
1128 1302 1249 1337 Badio
1269 1302 1359 1337 inde
1379 1301 1422 1336 in
1442 1300 1566 1336 omni-

246 1357 319 1392 bus
352 1357 460 1392 editis
491 1357 694 1404 scriptura,
724 1358 859 1393 ordine
882 1369 1006 1393 tamen
1028 1368 1174 1392 mutato
1197 1358 1269 1392 ita:
1299 1370 1340 1393 ex
1362 1370 1407 1391 m.
1428 1365 1565 1391 natum.

246 1413 344 1450 Jens.
375 1413 488 1447 Tarv.
519 1421 625 1459 pater
657 1423 783 1448 natum
806 1415 905 1462 quod
928 1421 1025 1448 amet
1055 1427 1098 1447 ex
1119 1415 1300 1448 meretrice
1323 1414 1361 1446 in
1381 1414 1567 1447 matrimo-

247 1469 355 1502 nium.
385 1469 517 1503 Locat.
539 1470 632 1503 Ven.
656 1469 762 1503 Rufe.
793 1471 867 1513 (ex
886 1469 998 1515 Regii
1024 1470 1179 1514 mente)
1201 1483 1237 1514 p.
1260 1483 1293 1502 n.
1318 1481 1362 1502 ex
1388 1469 1568 1502 meretrice

248 1535 282 1570 q.
305 1537 340 1556 a.
361 1536 403 1556 ex
424 1526 606 1556 meretrice
628 1525 663 1557 in
685 1537 730 1558 m.
758 1523 939 1559 Nostrum
962 1525 1091 1570 Camp.
1112 1523 1230 1558 Andr.
1252 1522 1338 1558 Ald.
1361 1523 1450 1566 (nisi
1462 1522 1569 1569 quod

247 1575 313 1614 hic
343 1587 467 1611 natum
497 1591 540 1611 ex
569 1581 671 1620 mer.)
702 1591 750 1612 ex
782 1570 1000 1623 conjectura
1026 1578 1130 1612 haud
1149 1577 1286 1618 dubie,
1317 1574 1474 1612 sed'non
1495 1578 1567 1612 im·

247 1631 445 1680 probabili
457 1631 536 1672 illa,
568 1643 605 1667 et
624 1632 786 1668 meliore
808 1633 996 1681 profecto,
1020 1646 1132 1680 quam
1157 1633 1205 1667 est
1225 1632 1377 1668 librarii
1398 1632 1569 1668 Gothani

249 1686 394 1721 nullam
424 1688 612 1723 rationem
647 1689 820 1723 habentis
851 1689 1061 1723 verborum
1087 1690 1123 1721 in
1145 1689 1437 1727 matrimonium,
1467 1688 1569 1722 unde

249 1754 344 1776 mox
376 1741 590 1778 conflarunt
609 1745 690 1780 VV.
713 1744 803 1778 DD.
826 1744 1084 1791 portentosam
1115 1742 1352 1778 locutionem
1386 1755 1510 1777 amare
1531 1744 1570 1776 in

251 1799 523 1832 matrimonium
543 1799 705 1833 Gesnero
731 1799 773 1832 in
793 1798 984 1833 Thesauro
1009 1811 1173 1845 quoque,
1205 1809 1249 1833 ut
1275 1809 1311 1833 et
1340 1796 1571 1836 Forcellino,

249 1863 498 1887 memoratam
531 1864 567 1888 et
600 1853 832 1901 explicitam.
882 1855 1045 1889 Brevius
1075 1864 1153 1888 erat
1172 1866 1215 1888 ex
1233 1868 1316 1888 mer.
1337 1868 1371 1888 η.
1394 1853 1439 1887 ob
1461 1866 1570 1888 mere-

251 1909 348 1942 tricis
370 1910 663 1947 nzatrinzonizcn13
686 1909 744 1944 sed
757 1910 870 1945 nimis
883 1909 1075 1944 manifesta
1089 1911 1172 1944 sunt
1183 1910 1247 1944 ista
1259 1910 1299 1945 in
1310 1918 1403 1944 vett.
1415 1908 1571 1956 vestigia

251 1965 468 2002 meretricem
502 1965 537 1997 in
562 1967 840 2005 matrimonium,
874 1977 1039 2011 quorum
1073 1975 1147 1999 tam
1172 1963 1424 1999 similitudine
1456 1976 1569 2011 quam

252 2015 467 2053 litterarum
492 2019 534 2051 M
555 2030 590 2054 et
609 2021 647 2056 N
669 2018 918 2055 multitudine
940 2020 1121 2065 jacturam
1142 2020 1232 2054 fecit
1252 2018 1372 2054 locus·
1413 2019 1453 2053 Si
1475 2018 1570 2065 quid

250 2073 338 2108 'veri
360 2084 394 2108 et
416 2074 565 2120 antiqui
587 2076 673 2110 esset
694 2076 735 2109 in
758 2075 837 2110 istis
859 2076 957 2123 quod
978 2084 1083 2114 amet,
1102 2075 1306 2124 probarem
1327 2087 1397 2122 ego
1419 2074 1570 2108 Francii

252 2129 509 2174 conjecturam
540 2132 637 2178 quod
666 2131 793 2171 habet,
825 2131 889 2166 vel
907 2133 968 2179 qui
990 2131 1116 2171 habet,
1147 2131 1199 2166 ita
1225 2141 1347 2166 tamen
1370 2140 1412 2165 ut
1434 2128 1570 2164 scribe·

250 2195 331 2218 :rem
350 2186 386 2217 in
406 2187 637 2221 matrimonio
651 2213 661 2227 ‚
689 2186 868 2221 subnixus
888 2185 1015 2233 aliqua
1036 2186 1164 2221 Turic.
1183 2186 1419 2222 auctoritate.
1453 2183 1570 2219 Nunc

253 2250 350 2286 opus
383 2240 452 2274 esse
482 2241 603 2276 verbo
633 2242 954 2289 praepositionem
987 2245 1022 2276 in
1053 2251 1208 2288 regente
1232 2254 1320 2276 cum
1344 2239 1568 2279 accusativo,

252 2305 418 2341 apparet,
449 2308 518 2330 nec
555 2297 738 2332 succurrit
768 2296 913 2336 ullum,
942 2298 1048 2344 quod
1074 2297 1223 2332 facilius
1252 2294 1481 2333 intercidere
1500 2306 1570 2342 po·

254 2349 362 2384 tuiffe
388 2349 496 2385 dicas.
717 2365 808 2400 qaae
831 2367 916 2388 ιιοη.
947 2354 1076 2388 Turio.
1098 2352 1201 2387 Flor.
1223 2351 1349 2387 Guelf.
1372 2350 1570 2386 omittunt.

253 2482 391 2521 „ciant‚
425 2493 468 2518 ut
495 2496 542 2517 ne
571 2496 640 2531 per
660 2482 774 2531 ipsam
799 2484 883 2532 qui·
989 2484 1058 2532 secl
1087 2498 1160 2520 non
1191 2503 1245 2512 ⁶—
1273 2482 1444 2520 accidere.
1510 2483 1571 2519 An

251 2537 367 2575 '‚,dem
386 2538 444 2572 rei
461 2548 632 2572 naturam
647 2538 739 2574 haec
758 2552 886 2587 repre·
942 2541 1017 2576 fuit
1031 2539 1061 2589 s.
1084 2555 1117 2575 n.
1143 2553 1233 2587 quae
1254 2542 1290 2574 ἱη
1300 2538 1388 2586 foro
1411 2552 1444 2573 n.
1456 2552 1493 2586 p.
1506 2541 1572 2573 α.)

253 2591 410 2630 „hensio
433 2594 534 2638 ejus,
568 2594 671 2640 quod
691 2594 768 2642 ipse
789 2595 885 2629 fece·
943 2598 989 2630 cf.
1013 2603 1050 2640 4,
1076 2606 1111 2635 2,
1136 2606 1197 2642 97.
1255 2594 1389 2629 Potuit
1411 2593 1481 2628 effe
1505 2605 1572 2627 ex-

253 2645 348 2686 ‚,1·is,
369 2648 414 2681 fit
431 2649 650 2685 indecens.“
679 2649 764 2684 Alia
787 2650 884 2685 ratio
941 2651 1198 2685 heredationis
1232 2649 1424 2696 elogium,
1476 2648 1574 2697 quod

259 2713 274 2736 ²
287 2713 321 2743 ²»
339 2711 376 2743 2,
397 2711 461 2745 30·
943 2708 1162 2741 meretricem
1220 2707 1261 2739 in-
1305 2705 1572 2740 matrimonium
