1676 3028
377 206 542 251 INST.
579 205 857 252 ORATOR.
894 204 1017 249 LIB.
1053 204 1125 260 X,
1162 215 1211 259 5.·
1374 219 1472 267 179

113 329 297 392 limae,
374 350 509 398 quae
548 333 920 382 inventionem
970 342 1023 380 et
1061 328 1469 398 diSpofitionem

113 412 312 478 pariter
346 420 604 468 exercent,
647 409 737 458 sed
765 410 924 458 etiam
958 426 1082 459 cum
1115 408 1189 458 est
1221 408 1468 458 consum-

113 499 308 546 matus,
365 505 422 536 ac
450 492 555 549 jam
587 489 644 536 in
674 486 794 538 foro
831 487 1019 536 clarus.
1099 489 1277 536 Alitur
1319 488 1466 534 enim

114 575 271 629 atque
301 562 552 623 enitescit,
588 565 738 614 velut
773 565 974 630 pabulo
1008 565 1243 623 laetiore,
1280 561 1467 612 facun-

112 641 232 706 dia,
281 652 334 690 et
362 641 549 690 affidua
583 640 990 691 contentionum
1034 641 1305 707 asperitate
1344 638 1466 689 fati-

111 729 227 783 gata
268 729 568 769 renovatur.
649 723 986 789 Quapropter
1029 718 1279 770 historiae
1326 735 1464 767 non-

111 812 392 861 nunquam
440 797 651 845 ubertas
700 798 760 845 in
817 798 991 861 aliqua
1043 795 1323 845 exercendi
1361 794 1467 844 stili

107 882 256 936 ‘parte
331 872 606 937 ponenda,
684 883 750 920 et*
804 873 1143 938 dialogorum
1225 874 1466 921 libertate

106 946 458 1013 gestiendum.
523 951 611 997 Ne
635 950 866 998 carmine
890 950 1109 1015 quidem
1131 950 1317 1000 ludere
1339 967 1468 1000 con-

106 1014 330 1073 trarium
349 1023 546 1075 fuerit:
585 1025 720 1075 sicut
739 1027 986 1084 athletae,
1018 1025 1223 1075 remissa
1244 1027 1467 1091 quibus-

106 1100 230 1150 dam
268 1104 600 1168 temporibus
645 1103 893 1153 ciborum
937 1115 1095 1169 atque
1137 1104 1466 1152 exercitatio-

69 1170 78 1181 *
106 1195 239 1228 num
275 1190 411 1228 certa
445 1180 757 1239 necestitate,
814 1182 924 1230 otio
957 1193 1009 1229 et
1044 1172 1462 1243 iucundioribus

107 1256 281 1321 epulis
311 1255 650 1307 reficiuntur.
770 1257 1008 1323 Ideoque
1055 1259 1194 1306 mihi
1244 1258 1466 1308 videtur

105 1432 244 1460 ventus.
275 1423 348 1460 Ille
370 1439 389 1460 a
408 1426 475 1461 sec.
496 1438 548 1460 m.
581 1423 767 1473 adulescet
792 1426 978 1469 juventus,
1010 1436 1048 1460 et
1079 1426 1130 1461 sic
1161 1426 1253 1472 (nisi
1285 1426 1394 1474 quod
1423 1426 1467 1470 ο)

106 1480 239 1530 Camp.
260 1492 348 1516 cum
372 1481 472 1517 Alm.
497 1481 612 1517 Bodl.
634 1481 755 1516 Andr.
780 1482 860 1526 (sed
886 1481 930 1516 hi
951 1483 1124 1531 praesens
1156 1482 1363 1532 adolescit).

56 1540 63 1548 “
102 1536 107 1542 ’
192 1545 229 1572 et
258 1537 553 1587 dispositionem.
595 1537 699 1574 Flor.
744 1528 871 1574 Guelf.
914 1539 1032 1575 Goth.
1076 1539 1175 1576 Jens.
1210 1543 1298 1583 (tac.
1335 1540 1467 1588 Gesm)

102 1593 220 1630 Tarv.
246 1593 435 1630 omittunt
463 1603 510 1634 et,
542 1594 655 1630 male.
892 1594 1170 1644 consummatus.
1195 1596 1331 1632 Turio.
1354 1596 1461 1632 Flor‘.

103 1649 188 1697 (hie
209 1663 227 1684 a
248 1663 306 1699 pr.
329 1654 402 1693 m.)
432 1649 701 1700 consummatis,
728 1648 798 1687 ille
818 1652 934 1687 etiam
967 1653 1075 1687 claris
1105 1667 1123 1688 a
1147 1654 1214 1689 sec.
1236 1666 1289 1688 m.

103 1707 106 1710 ⁴
187 1707 324 1742 Alitur.
355 1708 490 1745 Turic.
523 1708 644 1744 aliter.
871 1708 1047 1758 enitescit.
1077 1709 1196 1746 Goth.
1218 1713 1313 1755 (tac.‘
1332 1709 1465 1754 Gesn.)

103 1761 249 1811 nitescit
279 1776 369 1798 cum
390 1765 494 1802 Voff.
520 1774 555 1799 2.

102 1817 104 1819 ’
188 1827 250 1863 15.
283 1821 412 1871 epulis.
444 1821 576 1856 Turio.
607 1821 712 1858 Flor.
745 1821 784 1868 (a
804 1835 862 1870 pr.
884 1835 936 1857 m.
962 1823 1147 1871 uterque)
1178 1831 1215 1858 ee
1235 1823 1340 1864 ullis,
1373 1836 1464 1860 cum

102 1874 206 1911 Alm.
248 1875 320 1911 Ille
345 1891 363 1911 a
386 1877 454 1914 see.
477 1890 530 1913 m.
562 1878 705 1921 eduliis,
735 1890 773 1916 et
795 1880 847 1915 sic
867 1878 982 1915 Bodl.
1016 1879 1176 1916 Palatin.
1207 1880 1333 1918 Gebh.
1372 1882 1466 1920 Vox

97 1931 263 1981 'quidem
285 1945 367 1969 non
388 1934 438 1969 est
455 1932 630 1981 rejicula‚

106 2069 169 2108 18.
197 2075 234 2100 et
254 2064 324 2101 lib.
349 2066 396 2101 do
410 2065 498 2114 fide
523 2077 560 2103 et
582 2069 755 2116 operibus
813 2069 964 2106 salmas.
978 2069 1024 2105 ad
1037 2069 1328 2106 Te1·tullian.de
1338 2069 1464 2106 Pallio

104 2129 142 2162 7.
177 2120 271 2156 item
299 2123 540 2158 mentionem
571 2125 663 2160 facti
688 2126 754 2161 ha·
811 2139 850 2174 p.
881 2126 975 2162 261.
1010 2137 1048 2165 2.
1099 2126 1198 2162 item
1237 2128 1376 2163 citatos
1421 2127 1464 2161 in

102 2174 260 2211 bentem
302 2178 533 2215 Strabonem
583 2179 653 2218 lib.
688 2194 752 2218 ιι.
811 2182 1087 2230 ἄναγκοφογεῖν
1113 2183 1215 2231 apud
1236 2183 1402 2230 Hesych.
1427 2192 1467 2218 et

101 2243 141 2280 Ρ.
163 2239 260 2277 5ι5.
811 2236 996 2276 Valcken.
1040 2239 1084 2273 in
1112 2239 1294 2274 Dian-iba
1324 2253 1362 2287 p.
1395 2249 1463 2286 79.

814 2300 880 2338 80.
922 2293 1073 2329 Eodem
1102 2295 1206 2333 redit
1235 2294 1305 2330 illa
1333 2298 1366 2342 ᾗ.
1399 2305 1463 2339 17.

803 2348 954 2399 sagina.
988 2350 1036 2386 ef.
1067 2363 1106 2387 et
1122 2352 1202 2388 Cic.
1230 2364 1304 2400 pro
1327 2351 1462 2387 Sextio

813 2407 879 2450 36.
904 2406 1025 2443 Tacit.
1038 2408 1182 2443 Histor.
1197 2419 1233 2449 2,
1247 2414 1314 2453 88.
1330 2408 1462 2448 Nostr,

818 2477 882 2503 ιι,
897 2471 934 2506 3,
949 2463 1013 2499 26.
1039 2475 1100 2504 12,
1121 2477 1182 2505 10,
1199 2471 1263 2508 4¹·
1286 2463 1466 2500 Declam.

753 2515 756 2519 ’
816 2530 852 2567 9,
879 2527 914 2563 5.
947 2533 986 2568 p.
1013 2530 1103 2564 173.
1131 2522 1302 2569 Apparet
1320 2521 1363 2556 in
1384 2520 1464 2569 gla-

106 2582 110 2590 =
165 2577 226 2614 ¹5-
259 2571 422 2609 ciborum
440 2593 496 2601 --
516 2583 615 2610 certa
637 2574 755 2624 neces-
814 2575 985 2616 diatore,
1029 2577 1099 2624 qui
1127 2588 1372 2626 comparatur
1400 2577 1465 2612 de·

100 2622 227 2672 sicute-
255 2629 447 2665 Redditur
468 2632 589 2679 press'e
611 2633 754 2667 Graeca
813 2631 1006 2674 clamanti,
1041 2634 1112 2669 effe
1143 2634 1389 2674 obefitatem‚
1419 2633 1464 2668 in

107 2680 234 2745 fietus
289 2684 465 2722 athletici
531 2686 752 2737 appellatio,
810 2687 959 2728 milite,
1012 2691 1083 2739 qui
1111 2690 1257 2726 dicenti
1285 2690 1329 2725 in
1358 2689 1462 2730 foro,

107 2738 393 2789 “Vss'yssvspwyt‘oe-
435 2743 480 2778 de
533 2757 609 2795 qua
659 2744 753 2781 vide
809 2745 933 2780 robur
958 2746 1089 2784 newis
1111 2747 1320 2783 astrictum.

891 2803 938 2836 M
971 2813 994 2838 2

167 2332 228 2366 14.
268 2326 412 2372 pariter
455 2334 622 2361 exercent
658 2326 686 2362 i.
722 2341 754 2363 e.

103 2377 219 2414 simul
249 2393 338 2416 cum
370 2381 613 2423 elocutione,
644 2384 754 2430 cujus

103 2436 262 2483 proprie
302 2437 354 2473 est
389 2438 432 2473 in
473 2438 560 2474 stilo
608 2440 754 2475 exerci-

105 2499 213 2528 tatio.

1490 1270 1543 1308 16
