1676 3028
348 224 511 275 INST.
549 221 828 269 ORATOR
861 220 984 266 LIB.
1020 221 1092 277 X,
1125 233 1169 276 5.
1337 224 1428 267 161

82 354 211 404 Non
251 350 323 402 est
344 349 741 416 indulgendum
765 346 927 396 causis
962 345 1206 396 desidiae.
1285 350 1430 400 Nam

79 431 123 480 si
150 448 262 480 non
296 428 396 478 nisi
429 427 626 485 refecti,
667 443 779 476 non
811 423 914 473 nisi
946 425 1155 480 hilares,
1194 443 1306 475 non
1325 426 1428 475 nisi

79 507 333 559 Omnibus
382 507 498 554 aliis
555 505 695 553 curis
748 511 989 553 vacantes
1011 539 1025 559 ,
1100 501 1428 552 studendum

79 583 578 639 existimaverimus,
616 580 819 645 semper
860 580 983 636 erit,
1024 590 1243 644 propter
1276 581 1428 645 quod.

78 661 234 710 nobis
267 658 610 725 ignoscamus.
690 661 863 726 Quare
901 657 960 704 in
995 656 1178 713 turba,
1218 658 1426 715 itinere,
1447 670 1500 706 50

81 738 348 789 conviviis
380 738 538 785 etiam
559 734 712 783 faciat
733 733 832 782 sibi
862 734 1109 798 cogitatio
1137 731 1246 799 ipsa
1262 733 1428 783 secre-

80 826 211 864 tum.
291 813 436 882 Quid
454 813 658 876 alioqui
691 809 802 867 fiet,
842 827 965 859 cum
997 811 1055 858 in
1084 811 1264 859 medio
1288 810 1428 871 foro,

80 900 159 940 tot
187 889 642 938 circum-stantibus
674 887 905 948 judiciis,
946 888 1147 952 jurgiis,
1188 887 1428 939 fortuitis

80 968 238 1015 etiam
278 966 622 1022 clamoribus,
682 966 782 1011 erit
815 962 991 1012 subito
1024 965 1277 1013 continua
1311 983 1427 1014 ora-

0 1056 71 1100 358
83 1045 229 1092 tione
246 1042 550 1098 dicendum,
589 1040 631 1088 si
650 1042 949 1107 particulas,
973 1057 1101 1104 quas
1126 1043 1257 1091 ceris
1278 1060 1427 1091 man-

81 1121 288 1178 damus,
325 1117 428 1168 nisi
451 1119 508 1167 in
529 1117 818 1168 solitudine
849 1118 1084 1184 reperire
1115 1135 1228 1167 non
1249 1118 1426 1186 possu-

82 1231 193 1279 voce.
452 1254 527 1276 non
547 1239 618 1289 m'si
639 1240 784 1276 hilares.
827 1239 961 1275 Tin-ic.
1011 1239 1158 1288 nonnisi
1186 1241 1279 1276 nihil
1308 1256 1426 1291 apres,

83 1312 103 1332 a
136 1299 203 1334 sec.
239 1311 358 1334 manu
385 1296 530 1345 nonnisi
559 1297 674 1332 nihilo
709 1294 826 1345 prff.
857 1295 961 1332 Flor.
997 1299 1035 1340 (a
1055 1309 1112 1344 pr.
1139 1296 1212 1346 m.)
1250 1313 1325 1334 non
1358 1299 1429 1349 nisi

84 1365 178 1401 nihil
206 1353 285 1413 αἷς.
344 1366 422 1414 Ipsa
454 1364 548 1399 haec
581 1364 770 1400 omittunt
798 1363 902 1399 Voss'.
940 1378 973 1399 1.
1005 1372 1041 1405 3.
1080 1377 1159 1399 non
1197 1366 1324 1402 Guelf.
1357 1368 1429 1416 qui

84 1433 178 1456 mox
206 1434 286 1458 non
313 1421 430 1457 habet
460 1421 636 1461 omnihus,
667 1432 712 1456 ut
739 1432 810 1455 nec
830 1418 942 1454 Bam.
965 1419 1114 1468 Gryph.
1137 1422 1309 1466 (1536),
1342 1437 1432 1459 eum

84 1477 246 1514 viciffim
275 1479 360 1512 aliis
392 1477 576 1513 desideret
600 1477 697 1514 Jenf.
719 1488 806 1512 cum
830 1475 914 1510 edd.
937 1475 1095 1524 posterr.
1123 1489 1209 1513 ante
1229 1478 1315 1513 Ald.

170 1531 505 1581 existimaverimus.
546 1532 673 1569 Guelf.
718 1529 1001 1579 existimarimus
1048 1546 1138 1568 cum
1164 1533 1265 1570 Alm.
1309 1533 1432 1583 exifii-

82 1592 260 1626 munimus
298 1603 345 1625 ex
373 1590 477 1628 Voss'.
521 1603 553 1627 1.
595 1589 767 1625 affertur.
1032 1591 1112 1625 erit.
1157 1591 1290 1627 Turic-
1322 1593 1427 1630 Flor.

82 1643 166 1692 (hic
183 1660 203 1681 a
222 1659 280 1696 pr.
302 1646 378 1696 m.)
409 1647 605 1682 omittunt.

95 1702 119 1710 ”
167 1711 233 1746 30.
269 1704 392 1755 Quare
415 1705 462 1739 in.
497 1703 629 1739 Turio.
665 1704 703 1748 (a
722 1703 789 1738 sec.
819 1702 892 1747 m.)
922 1704 1055 1751 Camp.
1084 1703 1257 1740 inserunt
1278 1703 1328 1754 fi.

95 1762 97 1765 ’
165 1761 305 1795 itinere.
338 1759 472 1794 Turio.
508 1761 578 1794 itur
600 1757 681 1808 effe,
713 1773 732 1793 a
753 1760 820 1795 sec.
841 1771 893 1793 m.
928 1760 999 1793 itur
1024 1767 1072 1795 et.
1088 1759 1192 1795 Flor.
1217 1763 1254 1805 (a
1275 1775 1333 1810 pr.
1356 1765 1429 1808 m.)

83 1819 234 1852 intuere.
262 1816 367 1851 Vols.
399 1829 429 1852 1.
461 1817 596 1851 itineri.
626 1815 732 1854 Vo-II'.
755 1824 792 1857 5.
833 1816 1013 1849 itinerum.
1250 1821 1429 1855 conviviis

83 1874 207 1908 etiam.
261 1872 359 1909 Jens.
400 1872 533 1907 inserit
578 1871 637 1907 vel
674 1872 848 1906 concione
902 1883 991 1906 cum
1024 1869 1109 1906 edd.
1142 1872 1301 1919 posterr.
1343 1886 1429 1911 ante

82 1929 216 1964 Burm.
246 1939 325 1962 exc.
355 1929 458 1964 Bad..
477 1930 599 1963 Stoer.
622 1927 786 1964 Chouet.
811 1927 921 1962 Leid.
951 1926 1050 1962 male
1071 1940 1189 1963 voces
1223 1930 1431 1968 reducente

86 1983 280 2024 Gibsono,
329 1984 486 2020 suorum
518 1984 639 2020 codd.
677 1984 823 2019 securo.
881 1984 1020 2031 Neque
1060 1984 1165 2018 enim
1205 1984 1309 2021 ullus
1346 1988 1427 2023 MS.

87 2040 182 2074 haec
221 2037 311 2087 (err.
344 2041 472 2084 Getn.)
513 2053 638 2088 neque
671 2041 806 2088 Camp.
847 2040 992 2075 Badius
1032 2040 1191 2087 quidem
1227 2043 1431 2079 rectissime
1480 2083 1489 2090 ἡ

90 2094 220 2135 „hoc“
250 2095 380 2143 inquit
410 2095 484 2136 „ab
514 2096 647 2142 aliquo
678 2096 862 2144 imperito
897 2109 915 2130 e
945 2096 1121 2143 margine
1142 2097 1184 2131 in
1206 2109 1433 2134 contextum

91 2150 304 2189 „intrusum
326 2151 480 2199 opinor.
538 2152 639 2187 Nam
662 2152 690 2186 [i
720 2154 758 2185 in
787 2154 960 2187 concione
991 2162 1125 2187 auctor
1153 2154 1344 2201 posniss'et‚
1375 2156 1434 2190 in·

92 2215 206 2253 „epte
227 2205 430 2242 intuliss'et:
461 2207 562 2259 Quid
582 2207 719 2256 alioqui
730 2205 816 2254 fiet,
841 2221 919 2243 cum
941 2209 978 2241 in
1001 2209 1124 2243 medio
1136 2208 1229 2255 foro
1252 2221 1320 2246 etc.
1345 2225 1434 2247 cum

92 2261 163 2302 „in
185 2261 374 2297 concione
412 2262 527 2310 longe
559 2261 648 2311 plus
671 2263 848 2311 strepitus
873 2264 919 2299 sit
941 2276 1055 2310 quam
1075 2264 1118 2299 in
1140 2265 1250 2301 foro:
1283 2267 1325 2302 in
1347 2267 1434 2304 foro

93 2317 225 2358 „enim
245 2318 291 2353 ad
311 2318 460 2364 judices
479 2319 599 2354 modo
622 2319 671 2354 fit
694 2319 840 2361 oratio,
870 2319 912 2355 in
938 2320 1127 2355 concione
1146 2321 1194 2355 ad
1216 2323 1437 2359 universum

92 2373 356 2422 „populumfl
566 2373 654 2424 sibi.
689 2375 821 2411 Turio.
852 2375 954 2411 Flor.
990 2375 1074 2420 (hic
1094 2389 1114 2410 a
1133 2389 1191 2425 pr.
1215 2380 1287 2423 m.)
1317 2380 1379 2416 ibi.

178 2429 330 2481 alioqui.
360 2430 493 2466 Turic.
524 2429 626 2466 Flor.
671 2430 754 2477 (hic
775 2445 794 2465 a
812 2446 870 2481 pr.
890 2434 961 2477 m.)
1004 2433 1159 2481 aliquid.

169 2487 343 2531 judiciis,
390 2488 536 2534 jurgiis.
594 2487 699 2522 Flor.
739 2487 779 2534 (a
811 2502 870 2537 pr.
901 2490 973 2533 m.)
998 2490 1154 2533 judicis,
1185 2492 1318 2541 jnrgis.
1378 2495 1439 2529 Ex

27 2541 29 2547 ⁴
91 2541 192 2579 Alm.
227 2543 386 2578 affertur
413 2545 539 2591 virgis.
775 2545 1005 2583 mandamus.
1036 2545 1166 2582 Turic.
1212 2548 1251 2595 (a
1274 2549 1342 2585 sec.
1365 2552 1439 2594 m.)

149 2652 214 2687 50.
263 2647 436 2680 continua
477 2647 645 2680 oracione
684 2663 739 2674 —-
795 2645 854 2681 lae
876 2646 1095 2683 orationum
1125 2658 1162 2684 et
1189 2648 1342 2696 disjecti
1360 2652 1460 2690 sen-c

20 2733 22 2735 ,
91 2701 300 2752 porticulus.
344 2701 605 2737 Lucubrando
635 2702 740 2737 enim
795 2703 855 2738 sus
888 2701 1135 2752 effinguntur.

95 2765 132 2789 et
151 2757 372 2791 meditando
399 2757 553 2792 nonnisi
572 2757 739 2805 particu-

155 2812 259 2847 Tom.
288 2813 356 2848 JV.
946 2815 988 2848 L.
