1676 3028
379 190 542 236 1Ns'r.
583 157 862 236 offla-03.
900 189 1022 234 Lm.
1058 187 1130 245 κ,
1168 186 1213 231 6.
1379 196 1473 245 139

58 341 61 343 “
120 333 246 371 rum
302 317 683 368 Metrodorum
739 315 1006 384 Scepsium
1068 326 1120 365 et
1179 314 1477 381 Empylum

93 400 97 404 ’
120 394 417 456 Rhodium,
441 394 852 460 nostrorumque
874 391 1221 445 Hortensium
1240 391 1475 450 tradidit,

211 527 407 579 Scepsium.
439 529 573 565 Turic-
604 528 707 565 Flor.
738 528 822 574 (hie
843 543 862 564 a
886 529 953 565 sec.
976 540 1029 564 m.
1060 523 1256 574 nostrum)
1284 523 1476 574 Scerfium.

126 587 260 634 Camp.
302 587 500 634 Scepcium.
541 586 645 624 Voss'.
672 599 704 622 ι.
745 585 970 636 Escepsium.
1012 585 1115 623 Voff.
1138 594 1175 629 5.
1219 585 1332 619 Bern.
1362 581 1476 630 Esce·

126 645 260 692 ptium.
309 643 408 680 Jens.
458 641 662 692 Ephesium
708 656 797 678 cum
840 643 925 679 edd.
954 642 1111 692 posterr.
1141 651 1227 677 ante
1258 637 1348 675 Ald.
1398 638 1478 673 Hic

129 699 308 747 saptiam.
345 697 447 734 Vall.
487 700 670 749 Scaptium
708 712 795 735 cum
832 699 916 734 edd.
952 697 1038 734 rell.
1075 709 1160 734 ante
1197 698 1357 745 Capper.
1391 700 1476 730 exc.

128 754 241 790 Bam.
269 753 412 791 Nostro
434 755 611 790 addicere
631 756 813 791 videntur
833 753 962 792 Guelf.
988 755 1106 791 Goth.
1128 754 1234 790 Infra
1258 767 1325 793 11,
1346 762 1384 793 2,
1409 749 1475 786 26.

130 811 265 846 Turio.
297 810 424 848 Guelf.
457 811 575 848 Goth.
615 815 704 856 (tac.
741 813 869 858 Geso.)
900 812 1032 861 Camp.
1064 813 1231 859 Sceptius
1270 821 1359 844 cum
1389 805 1480 843 Ald.

131 867 207 902 Sed
223 866 321 906 Jens.
354 867 442 911 (tac.
467 867 595 913 Gefn.)
626 868 742 904 Tarv.
767 869 937 918 Septius:
968 868 1029 905 ibi
1061 868 1227 903 nostram
1257 864 1382 900 asserit
1404 865 1482 898 Re-

129 922 230 970 gius,
251 932 290 958 et
310 921 360 956 est
377 923 453 968 jam
474 924 517 959 in
535 924 669 959 Locat.
892 925 1115 975 Empylum.
1141 925 1204 959 Sic
1228 921 1361 958 Turio.
1375 918 1482 954 Flor-

129 978 222 1022 (niti
249 977 355 1026 quod
385 978 604 1015 minuscula
638 980 690 1026 E)
724 992 813 1014 cum
843 980 947 1018 Vall.
977 983 1094 1016 Bern.
1132 979 1319 1027 empilium
1351 975 1484 1012 Guelf-

129 1033 322 1083 Empilum
351 1035 454 1071 Voss'.
481 1050 514 1072 1.
545 1035 755 1084 Empillum
788 1037 941 1081 Voff.5.
971 1035 1208 1086 Emphylum
1238 1032 1358 1070 Goth.
1391 1044 1484 1067 cum

127 1102 249 1139 marg.
288 1090 379 1125 Bad.
409 1090 625 1139 Emphilum
654 1092 759 1130 Voss'.
785 1101 822 1127 2.
851 1105 941 1128 cum
970 1105 1091 1141 marg.
1122 1091 1219 1130 Vall.
1262 1088 1480 1138 Euripilum

129 1147 264 1196 Camp.
297 1142 531 1196 Emphillun}
558 1149 656 1187 Jens.
690 1149 807 1187 Tarv.
839 1149 1055 1198 EriphiIum
1103 1150 1198 1185 Loc.
1234 1147 1333 1184 Ven.
1366 1144 1479 1180 Ruso.

130 1203 291 1252 Reliqui
302 1202 550 1254 'Et-iphylum.
613 1207 730 1240 Hunc
756 1218 837 1241 non
859 1208 960 1255 apud
986 1207 1217 1242 Ciceronem
1239 1202 1376 1242 solum,
1409 1200 1481 1249 qui

82 1270 85 1281 ¹
132 1261 214 1307 ejus
242 1272 394 1295 memor
423 1261 570 1314 dicitqr
597 1275 615 1296 a
647 1261 777 1298 nostro
810 1263 853 1297 in
874 1263 1067 1312 vulgatis,
1116 1262 1178 1297 sed
1211 1259 1315 1309 apud
1344 1269 1480 1294 omnes

135 1316 299 1352 omnino
323 1315 524 1364 scriptores
546 1318 681 1353 frustra
704 1318 838 1366 quaeri
858 1319 1039 1355 testantur
1060 1319 1252 1358 VV.DD.
1273 1315 1381 1364 quod
1399 1326 1483 1349 non.

134 1371 299 1408 debebat
343 1375 602 1420 praetermitti
639 1374 685 1410 ab
736 1374 884 1410 editore
925 1375 1193 1412 Bibliothecae
1235 1369 1484 1408 Fabricianae

132 1427 225 1467 Vol·
247 1427 285 1463 6-
316 1441 354 1476 p-
386 1438 473 1477 129.
530 1431 701 1479 Apparet
720 1441 849 1466 autem
874 1431 1025 1481 aliquid
1056 1432 1187 1466 ausum
1209 1430 1342 1476 Camp.
1363 1426 1487 1462 refin-

132 1483 261 1533 gendo
283 1483 444 1531 nomipe
465 1485 512 1520 ad
538 1500 604 1527 ιι,
620 1483 622 1485 ’
638 1499 674 1527 2,
712 1495 774 1530 15.
805 1488 849 1522 in
875 1501 954 1536 quo
973 1489 1055 1537 ipso
1085 1487 1242 1527 vitioso,
1271 1483 1412 1533 exigua
1435 1482 1487 1517 est

132 1538 330 1576 librorum
362 1553 542 1576 meorum
575 1544 752 1579 varietas.
812 1544 887 1579 Sed
916 1544 984 1580 ille
1012 1543 1226 1580 Larissaeus
1257 1541 1327 1582 est,
1356 1539 1486 1575 noster

133 1596 326 1633 Rhodius.
387 1598 555 1639 Nomen,
589 1598 700 1648 quale
728 1601 854 1648 posui,
882 1600 948 1637 vel
979 1600 1127 1650 reliqui
1154 1600 1287 1649 potius
1310 1609 1358 1632 ex
1377 1606 1488 1632 vetu-

135 1652 315 1695 fliffimis,
350 1655 417 1690 etsi
446 1653 539 1691 alias
572 1655 768 1704 ignotum,
800 1669 1040 1693 memoratur
1074 1668 1201 1692 tamen
1230 1670 1249 1690 a
1274 1651 1486 1690 Plutarcho

136 1709 179 1745 in
197 1710 318 1746 Bruto
343 1711 511 1755 (initio),
545 1711 764 1760 diciturque
788 1714 840 1748 ita
862 1714 1021 1750 audiiffe
1042 1713 1179 1748 rhetor
1199 1711 1358 1761 quidam
1377 1708 1490 1749 fami-

137 1763 246 1802 liaris
267 1767 393 1808 Bruti,
423 1767 468 1803 ab
504 1768 586 1816 ipso
619 1769 827 1816 aliquoties
857 1771 899 1806 in
931 1769 1102 1820 epistolis
1120 1768 1348 1819 appellatus,
1378 1765 1491 1811 cuj¹1⁸

138 1821 300 1870 [apersit
325 1824 488 1872 exiguus
516 1824 674 1871 quidem
695 1838 766 1860 nec
787 1827 1092 1862 contemnendus
1117 1826 1162 1861 de
1189 1823 1356 1862 Caesaris
1378 1821 1493 1857 caede

139 1875 321 1919 libellus,
354 1879 557 1928 inscriptus
581 1881 736 1917 Brutus.
797 1882 924 1918 Patria
945 1882 1116 1919 :hetoris
1139 1896 1159 1916 a
1179 1879 1390 1917 Plutarcho
1410 1890 1493 1913 non

138 1934 334 1984 proditur.
396 1935 475 1971 Sed·
502 1936 666 1973 debebat
697 1929 778 1984 ejus'
807 1952 953 1976 nomen
982 1939 1100 1986 adjici
1131 1937 1307 1986 catalogo
1338 1933 1402 1970 illi
1422 1932 1492 1969 Fa'-

139 1989 328 2027 briciano.
388 1991 646 2029 Schneiderus
676 1994 760 2030 fane
788 1995 868 2044 (ap.
899 1995 1048 2033 Wezel.
1079 1995 1127 2030 ad
1159 1995 1240 2031 Cic.
1259 1994 1370 2028 Brut.
1402 1992 1492 2039 88.)

71 2047 75 2050 ’
143 2046 392 2083 Charmadam
413 2061 460 2083 ex
481 2049 561 2087 Cic.
590 2049 635 2084 de
661 2043 791 2092 Or.'2,
825 2058 892 2096 88.
925 2063 962 2088 et
984 2051 1105 2087 altero
1124 2050 1245 2086 nostri
1275 2062 1339 2088 ιι,
1364 2058 1402 2086 2,
1424 2047 1494 2083 26.

141 2101 244 2143 loco,
274 2103 554 2139 restituendum
586 2104 652 2140 hic
679 2118 752 2153 pro
790 2107 863 2142 illo
896 2107 1093 2156 Eriphylo
1126 2108 1271 2147 censen
1297 2103 1360 2140 sed
1390 2102 1496 2139 mihi

140 2156 219 2193 hoc
240 2170 320 2192 non
339 2159 551 2207 persuadet,
582 2173 670 2196 eum
693 2174 854 2211 propter
886 2164 1072 2200 ductuum
1107 2163 1379 2201 diversitatem,
1409 2169 1495 2194 tum

140 2224 304 2263 propter
322 2212 507 2264 patriam;
541 2216 774 2254 Charmadas
796 2219 898 2254 enim
919 2219 1163 2254 Atheniensis
1184 2219 1354 2256 videtur,
1377 2229 1496 2264 quan-

140 2270 256 2318 quam
290 2269 506 2319 exprell'um
535 2271 612 2308 hoc
642 2273 743 2322 apud
773 2275 968 2310 neminem
1010 2275 1187 2310 invenio.
1243 2271 1491 2321 Quintiliano

139 2325 313 2374 aliquem
357 2326 422 2363 hic
467 2341 639 2364 errorem
676 2329 870 2379 imputare
903 2331 1045 2380 religio
1086 2331 1189 2365 mihi
1220 2328 1378 2379 quidem
1409 2340 1493 2364 non

137 2381 270 2419 fuerit.
329 2384 479 2421 Verum
501 2384 703 2421 hominem
727 2387 909 2437 aliquem,
940 2386 1103 2437 Empyli
1129 2385 1392 2433 nomine,.qui
1410 2397 1493 2420 me—

138 2439 264 2474 moria
294 2438 491 2488 imprimis
523 2441 714 2489 polleret,
746 2445 849 2480 inter
877 2455 1027 2482 veteres
1065 2443 1300 2479 celebratum
1327 2442 1493 2477 omnino

138 2506 278 2543 negare
300 2507 380 2532 non
404 2497 590 2539 sustinecu
621 2511 710 2534 cum
733 2499 798 2537 vel
835 2502 1045 2537 Brutianus
1074 2499 1143 2536 ille
1172 2498 1287 2548 poffit
1306 2497 1491 2545 intelligi.

138 2548 211 2586 Ille
234 2550 330 2587 alter
357 2565 421 2594 11,
454 2563 490 2594 2,
527 2562 588 2598 ¹5·
617 2554 844 2606 Eurypylus
866 2555 1103 2606 Lariffizeus,
1134 2567 1178 2594 ut
1193 2555 1376 2604 protinus
1399 2566 1490 2588 con—

136 2604 293 2646 {effione
313 2608 385 2644 hac
404 2610 647 2658 ignorantiae
667 2611 867 2662 defungar,
893 2615 1007 2650 etiam
1027 2613 1170 2654 minus,
1196 2611 1286 2661 quis
1307 2620 1346 2647 et
1366 2608 1490 2660 qualit

1055 2665 1062 2686 Α
1186 2668 1195 2675 .

137 2700 257 2768 psiutn
279 2728 316 2756 et
336 2720 543 2774 Empylum
566 2724 768 2761 Rhodium·
800 2726 847 2763 cf.
879 2736 961 2764 not.
986 2729 1069 2766 crit.
