1676 3028
316 185 483 232 INST.
521 184 801 231 ORATOR.
837 183 959 228 LIB.
997 181 1109 236 XII,
1140 185 1187 226 Ως

88 321 330 366 tractatus
378 312 535 376 aequi
577 327 635 359 ac
665 309 797 359 boni
835 306 1143 374 reperiatur.

19 446 26 459 l
94 432 152 460 tur
169 422 463 471 interpretando
483 420 546 456 illi
558 419 738 468 colligan-

94 488 154 515 tur
171 478 390 515 ,inservires
450 478 618 513 Tannun
649 475 738 512 uni·

95 536 239 585 cuique
259 534 406 583 liqueat
415 533 559 570 necess'e
580 533 647 570 est:
667 534 739 568 Re-

97 593 298 628 censentur
309 591 455 626 diversa
469 589 663 626 causarum
677 601 740 638 ge-

94 661 207 688 nera,
239 657 278 683 et
294 647 452 695 quidem
470 646 581 682 status
598 644 637 695 ι)
649 658 741 681 con-

96 702 358 752 jecturali-5⁷0.
375 706 624 751 quaeruntur),
640 702 683 748 2)
695 702 742 737 {i-

98 761 251 797 nitivus
280 758 333 807 (f.
363 759 663 803 concludantur),
697 759 740 802 3)

98 812 236 864 legalis
256 815 274 859 (
272 817 304 861 1‘.
319 814 650 867 summoveantur).
662 816 744 850 Hu-

101 873 164 919 jus
186 871 347 921 quidem
375 871 482 908 tertii
513 871 621 909 status
651 882 745 907 mox

102 927 275 978 fingulae
311 928 550 976 quaestiones
592 940 746 976 compa-

103 994 210 1020 rent:
228 987 269 1028 ι)
286 983 526 1033 syllogismus
555 983 650 1031 (alia
674 983 748 1019 col-

56 1067 58 1071 *
105 1040 283 1089 ligantur,
296 1039 344 1076 cf.
359 1039 428 1076 lib.
445 1050 482 1084 7.
496 1052 528 1075 c.
549 1041 616 1085 8.),
640 1042 680 1084 2)
695 1038 747 1074 le-

107 1109 174 1146 ges
205 1097 418 1133 contrariae
446 1093 555 1145 (ipsa
590 1099 684 1131 incer
705 1094 748 1144 se

91 1154 336 1195 ‘coneum-ant,
363 1152 411 1188 cf.
435 1151 504 1188 lib.
523 1161 558 1196 7.
573 1166 653 1202 cap.
675 1153 746 1197 7.),

110 1209 158 1259 5)
199 1207 439 1259 amphibolia
483 1210 540 1252 (ὶη
569 1207 750 1258 diversum

110 1265 354 1313 ambignitate
363 1265 552 1306 ducantur,
567 1265 614 1301 cf.
633 1265 744 1308 lib-7.

113 1333 194 1368 cap.
217 1322 289 1368 9.).
350 1321 394 1356 In
414 1321 502 1361 hoc,
522 1322 592 1369 qui
611 1322 753 1370 agitur,

114 1376 227 1412 censu
248 1377 443 1413 causarum
469 1377 581 1412 facile
611 1376 754 1413 deside-

114 1445 175 1469 res
211 1427 260 1484 ι)
293 1433 490 1483 qualitatis
522 1434 678 1475 statum,
712 1435 755 1476 2)

115 1488 376 1537 quaestionem
398 1487 562 1536 legalem
572 1488 706 1538 scripti
721 1499 758 1525 ec

116 1543 328 1580 voluntatis.
353 1544 421 1590 (cf.
442 1544 511 1581 lib.
534 1555 569 1588 7.
597 1558 678 1594 cap.
699 1545 756 1591 6.)

117 1600 170 1636 Et
195 1601 304 1650 prior
333 1600 492 1650 quidem
516 1601 689 1638 consulto
714 1600 763 1637 est

118 1657 417 1706 praemunimus,
446 1671 541 1694 mox
565 1658 763 1707 proferen-

121 1713 194 1749 dus
211 1713 254 1749 in
273 1711 375 1749 illis:
411 1715 606 1761 Plerusque
617 1734 667 1741 —
681 1729 765 1751 con·

115 1767 261 1818 fistant.
321 1770 461 1818 Neque
493 1770 596 1804 enim
628 1770 765 1806 attine-

125 1825 193 1861 bat
232 1825 418 1874 probare,
477 1825 674 1874 qualitatis
702 1826 767 1861 sta·

127 1891 214 1917 tum
243 1881 423 1929 indigere
446 1883 659 1931 praeceptis
679 1883 767 1931 phi-

128 1936 328 1986 losophiae
348 1937 520 1978 moralis,
543 1939 649 1987 quod
661 1940 772 1988 spon·

131 2003 170 2030 te
192 1992 440 2041 intelligitur.
469 1995 531 2030 De
553 1994 621 2031 illa
643 2006 770 2031 autem

135 2049 368 2097 quaestionis
398 2049 531 2097 legalis
565 2050 707 2101 (scripti
738 2059 774 2086 et

133 2105 354 2149 voluntatis)
386 2106 603 2150 omissione,
622 2108 696 2143 alia
713 2120 774 2143 res

140 2161 202 2197 est.
257 2162 313 2196 Ea
343 2162 519 2211 profecto
544 2177 671 2200 carere
695 2177 776 2200 non

138 2227 291 2267 poterat
320 2217 413 2253 haec
443 2221 703 2263 enumeratio,
733 2229 778 2256 ut

142 2273 231 2309 ess'et
252 2274 412 2323 integra.
473 2276 625 2322 Quibus
644 2278 700 2314 ita
719 2290 778 2312 ac-

142 2339 294 2372 curate,
324 2340 370 2366 ut
397 2330 555 2380 quidem
587 2333 690 2369 mihi
719 2332 779 2368 vi-

145 2385 254 2427 deor,
282 2387 490 2437 perpensis,
519 2402 565 2426 eo
594 2390 779 2430 adducor,

141 2453 187 2478 ut
204 2441 338 2493 aliquo
365 2444 484 2479 modo
518 2446 696 2483 obrutam
723 2447 782 2482 su·

141 2499 265 2548 spicer
305 2500 425 2547 liujus
461 2502 582 2550 partis
615 2503 782 2539 mentio·

143 2568 255 2598 nem,
287 2570 383 2606 quae
413 2556 460 2592 ab
488 2558 571 2607 ipso
600 2559 785 2608 scriptore

147 2612 253 2649 haud
271 2612 390 2649 dubie
413 2613 531 2649 fiterit
550 2615 657 2651 facta.
684 2616 787 2652 Nam

147 2670 268 2705 verba
288 2670 346 2705 vel
366 2669 632 2718 transferantur
642 2683 789 2707 meram

151 2723 310 2774 glossam
353 2727 610 2777 interpretor,
662 2727 790 2779 prose-

1328 191 1426 236 525

1234 307 1431 356 Pleras·

796 428 894 454 ctam
932 414 1040 452 illam
1081 415 1127 452 ab
1163 415 1358 464 ejusmodi
1386 415 1435 450 li·

796 474 939 514 brario,
998 471 1152 522 qualem
1209 472 1436 520 scriptorem

797 529 1086 578 Quintilianum
1099 529 1435 579 Capperonnerius

797 585 973 623 credidit.
1053 586 1212 622 Accedit
1252 585 1356 634 quod
1387 598 1438 622 ne

795 643 936 693 probat
986 642 1145 691 quidem
1191 640 1440 689 transferendi

798 698 1096 749 appellationem
1133 699 1259 734 noster
1293 698 1336 732 i'n
1369 697 1440 733 hae

797 770 850 793 re.
877 755 924 791 cf.
950 765 986 801 3,
1010 754 1046 796 6,
1069 755 1246 801 68484.
1305 754 1379 789 Sed
1397 753 1442 789 il-

798 813 868 849 lud
890 825 1046 861 quoque
1067 812 1110 847 in
1132 811 1249 848 nostri
1264 810 1341 846 loci
1355 810 1443 846 scri·

802 880 916 919 ptura
966 867 1170 917 displicet,
1212 867 1319 916 quod
1367 867 1447 902 alia

804 924 1067 976 praemittitur
1108 925 1232 961 verbo
1264 923 1446 971 colligan-

806 993 875 1018 tur.
935 984 1100 1030 Apparet
1139 981 1256 1022 enim,
1292 980 1446 1028 quoties

805 1040 883 1077 alia
908 1037 973 1074 hic
1002 1048 1187 1084 ponatur,
1221 1049 1369 1073 novum
1404 1035 1450 1071 fi·

805 1094 985 1145 gnificari
1035 1093 1193 1138 statuum
1253 1093 1450 1137 cujusmo-

806 1152 848 1188 di
885 1149 991 1187 nihil
1031 1148 1083 1185 est
1119 1149 1163 1184 in
1215 1148 1453 1196 colligendo,

807 1222 887 1258 quo
927 1205 1069 1256 species
1118 1216 1267 1242 tantum
1320 1203 1452 1252 aliqua

806 1263 993 1313 legalium
1015 1263 1278 1310 quaestionum
1291 1262 1453 1296 demon-

811 1322 949 1357 stratur
997 1319 1024 1353 i.
1055 1317 1313 1367 syllogismus.
1374 1316 1455 1353 Ne-

813 1389 888 1426 que
910 1375 986 1410 hoc
1014 1375 1178 1409 attendit
1201 1375 1246 1415 is,
1268 1374 1339 1422 qui
1360 1372 1456 1408 alio-

815 1433 883 1482 qui
908 1432 991 1467 satis
1014 1429 1111 1466 bene
1139 1431 1309 1466 versatus
1342 1429 1391 1465 est
1413 1429 1457 1465 in

813 1490 890 1525 hoe
914 1488 1013 1526 loco.
1046 1487 1269 1534 Gedoyn'us.
1302 1487 1376 1521 Sed
1397 1485 1458 1521 vi-

818 1546 876 1580 sus
904 1542 953 1578 est
991 1542 1063 1578 fibi
1093 1543 1281 1589 majorem
1321 1541 1385 1578 hic
1422 1531 1460 1577 a:

820 1599 1001 1650 gnoscere
1021 1597 1265 1639 divisionem,
1296 1597 1461 1634 reddens

821 1659 896 1694 ita:
959 1657 1012 1691 les
1048 1664 1171 1691 autres
1195 1654 1296 1703 enfin
1317 1653 1382 1703 sur
1407 1655 1462 1689 les

822 1715 913 1754 loix,
943 1713 1037 1748 dont
1059 1725 1106 1747 on
1122 1711 1204 1760 fait
1225 1713 1303 1747 voir-
1320 1712 1360 1746 la
1378 1711 1463 1746 lini-

816 1769 890 1820 son
930 1781 1017 1804 avec
1046 1767 1082 1802 le
1113 1767 1193 1815 fait
1222 1781 1267 1802 en
1300 1763 1465 1817 question

823 1839 895 1874 par
913 1832 1000 1861 voz'e
1027 1823 1073 1857 de
1094 1823 1324 1873 sylogisme‚·
1379 1822 1467 1871 plu-

826 1882 927 1917 rima
965 1879 1034 1915 ille
1066 1879 1112 1916 de
1150 1881 1216 1915 suo
1248 1879 1389 1914 addens
1418 1880 1466 1915 ad

827 1937 1031 1987 praecisam
1056 1936 1253 1985 scriptoris
1277 1935 1396 1970 nostri
1426 1937 1470 1973 in

829 1995 906 2030 hoc
926 1994 1016 2029 loco
1034 1992 1276 2028 brevitatem.
1326 1993 1468 2029 Censeo

830 2051 967 2099 igitur,
980 2049 1068 2085 loco
1079 2048 1188 2084 illius
1201 2048 1278 2084 alia
1297 2047 1362 2083 hic
1373 2061 1472 2096 quo·

833 2120 909 2155 que
963 2106 1022 2142 vel
1071 2105 1341 2155 reponendum
1388 2105 1474 2142 effe.

832 2163 1047 2199 Emendare
1084 2172 1212 2198 autem
1255 2161 1349 2196 haec
1395 2173 1475 2198 tam

835 2229 1016 2268 corrupta
1054 2232 1103 2254 ne
1142 2218 1348 2266 aggredior
1389 2219 1477 2267 qui-

837 2277 938 2316 dem,
972 2275 1126 2323 quibus,
1155 2287 1218 2309 me
1239 2273 1396 2322 quidem
1417 2276 1478 2322 ju-

838 2334 946 2372 dice,
977 2342 1015 2367 et
1036 2331 1254 2377 adjiciendo
1278 2340 1315 2365 et
1337 2331 1480 2368 subtra-

836 2388 969 2424 hendo
988 2387 1195 2424 nocuerint
1206 2385 1371 2422 librarii.
1387 2389 1480 2423 Sen-

838 2445 981 2480 tentiae
993 2443 1211 2479 consuletur
1220 2442 1362 2480 talibus
1378 2444 1456 2479 fere
1467 2457 1478 2478 ε

834 2499 1154 2550 summoveantur,
1213 2508 1253 2535 ut
1277 2500 1341 2535 vel
1376 2499 1482 2536 aliud

835 2556 1015 2606 scriptum
1027 2553 1237 2603 ostendatur
1248 2555 1345 2600 (sive
1355 2556 1481 2592 mavis

837 2607 910 2663 sit)
931 2613 1103 2648 voluntas
1135 2613 1236 2654 alia,
1264 2613 1324 2649 vel
1354 2614 1484 2662 aliqua

846 2670 1070 2717 colligantur
1089 2679 1161 2706 etc.
