1696 3016
358 191 521 238 INST.
571 189 851 237 ORATOR.
897 190 1020 236 LIB.
1065 190 1137 246 X,
1182 202 1224 234 1.
1398 201 1463 249 39

106 329 280 388 putat,
318 320 390 368 ita
427 336 528 368 nos
562 319 661 366 rite
691 317 936 383 coepturi
965 315 1028 364 ab
1053 317 1287 365 IIomero
1311 315 1464 365 vide·
1511 368 1514 370 ,

104 415 243 447 mur.
321 397 421 445 Hic
454 397 624 452 enim,
676 392 1134 459 quemadmodum
1168 411 1235 442 ex
1272 411 1462 443 oceano

106 474 236 524 dicit
263 472 374 540 ipse
403 476 627 521 amnium
655 475 764 521 vim
785 468 1127 541 fontiumque
1159 466 1339 542 cursus
1368 473 1463 519 im·-

103 556 233 601 tium
267 567 483 616 capere,
549 550 801 599 omnibus
847 548 1181 613 eloquentiae
1217 547 1460 634 partibus

105 629 410 694 exemplum
458 637 509 675 et
555 636 734 676 ortum
767 625 927 675 dedit.
1018 629 1176 674 Hunc
1202 641 1363 673 :nemo
1396 626 1458 673 in

102 707 307 771 magnis
338 704 498 755 rebus
531 702 875 762 sublimitate,
911 705 970 752 in
1002 703 1180 768 parvis
1216 702 1460 768 proprie-

103 793 207 832 tate
242 781 578 848 superaverit.
657 780 807 829 Idem
841 781 1009 830 laetus
1033 797 1090 828 ac
1113 777 1341 845 preffus‚
1378 782 1466 840 ju-

106 860 316 909 cundus
348 869 400 906 et
433 859 638 924 gravis,
677 868 795 906 tum
834 859 1014 923 copia,
1058 868 1173 906 tum
1201 856 1462 905 brevitate

102 935 386 985 mirabilis:
419 951 516 983 nec
539 936 743 999 poetica
764 934 950 993 modo,
988 933 1078 983 sed
1098 933 1326 983 oratoria
1351 935 1462 982 vir·-

102 1020 216 1061 tute
260 1010 702 1060 eminentissimus.
796 1013 940 1059 Nam
985 1023 1047 1060 ut
1087 1010 1153 1059 de
1188 1009 1457 1068 laudibus,
1479 1018 1538 1063 47

101 1089 557 1142 exhortationibus
578 1126 592 1146 ,
687 1086 1139 1138 consolationibus
1228 1098 1456 1136 taceam:

99 1182 283 1216 nonne
316 1167 405 1214 vel
437 1182 614 1215 nonus
648 1165 808 1224 liber,
857 1182 967 1230 quo
1003 1162 1149 1214 miffa
1180 1163 1247 1213 ad
1277 1164 1459 1213 Achil-

191 1309 255 1353 46.
286 1311 356 1345 Hic
381 1311 489 1345 enim.
550 1304 684 1346 Turio.
713 1309 752 1354 (a
772 1324 830 1358 pr.
850 1310 922 1356 m.)
952 1309 1056 1345 Flor.
1082 1309 1215 1358 Camp.
1246 1310 1344 1346 Hinc
1366 1323 1398 1346 e.

189 1379 233 1400 ex
255 1379 404 1402 oceano.
450 1366 582 1401 Turic.
609 1379 653 1400 ex
674 1380 823 1407 aceono,
854 1381 872 1400 a
893 1367 960 1403 sec.
985 1379 1038 1401 m.
1065 1374 1101 1400 et
1121 1368 1248 1402 cicero.
1366 1367 1457 1402 vim.

103 1422 238 1458 Turio.
260 1421 364 1459 Flor.
388 1422 509 1458 Goth.
537 1422 626 1469 (tac.
650 1424 778 1467 Gesn.)
811 1424 943 1472 Camp.
967 1422 1156 1457 omittunt
1178 1435 1267 1457 eum
1289 1423 1395 1461 Voff.
1418 1434 1457 1459 2.

187 1481 332 1526 magnis
361 1479 477 1513 rebus.
538 1479 601 1513 Sic
629 1479 760 1514 Turio.
788 1479 891 1515 Flos.
925 1480 1056 1527 Camp.
1094 1490 1183 1513 cum
1216 1478 1318 1514 Alm.
1339 1478 1457 1515 Bodl-

101 1533 214 1572 Colb.
239 1534 357 1571 Goth.
378 1534 483 1574 Voss'.
508 1545 543 1570 2.
577 1545 613 1569 ct
645 1535 730 1570 edd.
762 1545 847 1571 ante
878 1535 1028 1584 Gryph.
1086 1533 1248 1582 Reliqui
1268 1535 1460 1571 omittunt:

99 1591 216 1627 rebus.
397 1589 641 1640 superaverit.
701 1591 805 1628 Flor.
836 1594 884 1637 (a
906 1592 976 1628 sec.
997 1592 1081 1634 m.)
1113 1589 1244 1626 Guelf.
1261 1590 1459 1640 superavit:

101 1661 188 1683 cum
224 1646 342 1684 Goth.
375 1658 412 1682 et
440 1648 526 1684 edd.
561 1658 647 1683 ante
676 1648 784 1684 Bafil.
820 1661 901 1685 exc.
931 1649 1065 1696 Camp.
1301 1645 1456 1696 preffus.

101 1703 229 1740 Guelf.
260 1702 444 1753 depreffus
477 1717 566 1739 cum
597 1705 696 1741 Jens.
738 1705 844 1749 (non
875 1704 993 1740 Goth.
1023 1718 1095 1740 err.
1128 1705 1270 1752 Gesn.)
1299 1714 1338 1740 et
1369 1703 1457 1739 edd.

97 1760 256 1810 postetr.
276 1771 362 1796 ante
383 1761 475 1796 Bad.
500 1761 568 1795 sec.
589 1760 683 1795 item
706 1761 807 1797 Atm.
825 1761 937 1810 'quod
956 1761 1083 1796 miror
1118 1761 1191 1804 (ef.
1213 1764 1246 1809 §.
1271 1766 1338 1808 45.
1357 1759 1458 1796 item

101 1817 206 1861 63.)·
436 1819 593 1866 poetica.
625 1817 753 1853 Guelf.
772 1821 915 1866 poetice
941 1830 1031 1853 cum
1051 1818 1155 1855 Voss.
1181 1827 1220 1861 5.

96 1888 99 1890 ’
188 1879 252 1918 47.
290 1872 616 1923 consolationibus.
684 1873 817 1910 Turio.
848 1874 953 1910 Flor.
993 1875 1039 1920 (a
1071 1875 1140 1910 sec.
1174 1887 1226 1911 m.
1257 1875 1453 1923 uterque)

101 1930 220 1967 Goth.
251 1931 350 1969 Jens.
381 1928 482 1976 (tac.
506 1930 644 1975 Gesn.)
677 1930 810 1979 Camp.
835 1931 982 1967 addunt
1002 1946 1070 1981 que
1091 1932 1133 1966 in
1155 1929 1230 1967 fine
1251 1943 1342 1966 cum
1364 1930 1453 1967 edd.

100 1997 186 2021 ante
204 1986 312 2022 Bafil.
547 2000 678 2025 nonuS.
739 1983 872 2024 Turi'c.
905 1987 1008 2023 Flor.
1040 1986 1168 2024 Guelf.
1193 1988 1326 2035 Camp.
1360 1998 1454 2022 unus·

102 2055 189 2078 cum
209 2042 311 2082 Aha.
330 2042 447 2080 Bodl.
478 2043 584 2080 Voff.
608 2052 644 2086 3.
705 2044 833 2080 Modo
863 2058 940 2081 non
965 2058 1038 2092 pro
1059 2057 1182 2079 nonne
1207 2043 1326 2079 Goth.
1351 2044 1452 2088 (tac.

101 2099 231 2142 Gesn.)
263 2108 352 2134 cum
377 2098 483 2139 Voss'.
506 2108 544 2135 2.
570 2099 686 2135 Bodl.
918 2114 990 2151 quo
1015 2098 1132 2150 ttzssa.
1191 2099 1325 2136 Turic.
1347 2097 1454 2135 Flor-

102 2212 216 2260 „cum
240 2234 285 2256 ex
303 2235 439 2257 oceano
461 2222 512 2257 est
534 2220 744 2271 11.Q)‚195.
803 2221 974 2260 ,θάλασσα
1003 2222 1061 2258 καὶ
1078 2220 1191 2258 ardeat
1212 2226 1352 2271 κρῆναι.

102 2275 199 2318 ,’,Εξ
231 2279 336 2326 οὗπερ
360 2276 490 2318 πάντες
510 2290 633 2321 ποταμ
637 2293 665 2313 οι
689 2294 747 2313 και
860 2277 1203 2328 laetus—preffics.
1238 2280 1296 2316 Cf.
1322 2286 1358 2323 5,
1385 2284 1450 2327 14,

100 2333 222 2373 „rain
240 2331 423 2373 θάλασσα,
446 2333 516 2368 Καὶ
538 2333 748 2383 πᾶσαικρῆ-
805 2345 870 2380 55.
923 2342 947 2380 8
983 2338 1071 2371 Pro.
1099 2345 1165 2379 23.
1205 2336 1299 2371 item
1333 2341 1378 2380 4,
1410 2347 1450 2378 2,

101 2404 202 2430 ,,ναι,
234 2405 292 2424 και
324 2389 481 2439 ‹beata-roc
509 2387 626 2424 πάντα
648 2388 748 2426 ναίου-
809 2407 824 2428 ι
841 2402 901 2436 ι7.
941 2393 1058 2427 Recte
1080 2392 1250 2428 revincit
1269 2392 1451 2428 Conium

101 2459 194 2487 ,,σιν.
218 2466 269 2473 —-
302 2446 483 2482 Ceterum
505 2447 550 2482 de
573 2449 748 2482 flomelo
807 2449 917 2485 Gesn.
967 2449 1084 2483 elatus
1131 2448 1353 2484 [uadentem
1402 2448 1451 2483 ad

76 2502 301 2542 -‚‚omnium
345 2503 607 2539 doctrinarum
639 2504 747 2539 fonte
804 2505 904 2540 Plin.
927 2506 998 2553 Ep.
1024 2519 1059 2546 1,
1083 2511 1118 2549 8,
1142 2511 1191 2547 5.,
1211 2519 1283 2540 nec
1294 2505 1452 2540 Francii

99 2573 163 2598 „.v
178 2558 288 2595 Fabr.
311 2560 352 2594 B.
374 2561 419 2595 G.
439 2571 474 2601 2,
493 2561 530 2596 6.
537 2565 559 2579 “
590 2561 746 2596 Gesner.
804 2562 1025 2608 conjectura
1056 2561 1153 2596 latus
1175 2561 1388 2610 probanda.

100 2615 191 2652 Vid.
241 2625 279 2650 et
320 2615 485 2664 Dionys
525 2615 612 2650 Hal.
655 2615 745 2653 Vol.
862 2623 927 2661 47.
955 2618 1077 2654 vel—
1099 2618 1314 2655 vel—vel.
1343 2617 1391 2654 cf.
1408 2626 1448 2659 2,

102 2670 230 2716 (Rsk.)
254 2678 289 2715 5.
309 2685 349 2720 p.
374 2679 464 2717 137.
492 2667 724 2720 (Ὄμηςος)
716 2671 749 2713 ’ξ
806 2685 870 2714 20,
897 2685 934 2710 2.
966 2685 1011 2709 ut
1038 2685 1077 2710 et
1104 2674 1171 2711 hio
1198 2687 1296 2711 mox
1324 2678 1358 2722 §.
1383 2680 1448 2719 43.

102 2740 140 2760 ου
122 2741 230 2769 υπως
250 2724 378 2769 πάντες
394 2728 551 2768 ποταμοὶ
571 2744 631 2764 και
650 2742 748 2765 πασα
805 2730 896 2766 item
921 2743 937 2764 1
951 2743 983 2771 1,
1010 2741 1044 2772 2,
1068 2739 1132 2775 50.
