1696 3016
294 267 356 309 18
595 253 668 299 M.
713 254 843 302 FAB.
894 252 1302 315 QUINTILIANI

292 388 435 444 parte
464 377 681 426 actionis
713 375 864 434 dicit,
903 391 1034 438 quae
1055 373 1174 422 sunt
1191 375 1249 423 in
1266 373 1464 423 summa
1483 392 1606 440 pro-

293 451 484 501 futura.
539 456 716 515 Itaque
736 451 829 500 suo
852 452 971 500 loco
990 452 1165 498 minus
1186 451 1401 514 placent,
1434 451 1605 499 adhuc

295 529 480 591 nobis,
517 543 676 592 quare
706 526 840 574 dicta
872 525 996 582 sint,
1033 525 1419 589 ignorantibus:
1459 525 1607 574 ideo-

223 617 274 646 22
296 620 400 667 que
427 614 580 651 erunt
601 603 820 665 cognitis
843 601 1086 650 omnibus
1113 600 1405 663 repetenda.
1465 599 1607 649 Illud.

296 693 420 726 vero
454 677 801 733 utilissimum,
847 673 986 724 noffe
1022 691 1103 722 eas
1140 673 1335 731 causas,
1385 691 1608 739 quarum

296 754 552 802 orationes
591 754 649 799 in
688 767 873 799 manus
902 748 1257 797 sumserimus:
1317 759 1368 797 et
1399 751 1696 814 quoties885

275 829 586 891 continget,
633 827 881 889 utrinque
918 825 1121 873 habitas
1155 825 1324 888 legere
1359 826 1608 874 actiones:

294 911 355 950 ut
384 901 747 950 Demosthenis
783 910 935 962 atque
969 898 1230 947 Aeschinis
1262 901 1398 947 inter
1417 897 1467 947 se
1488 916 1612 949 con-

293 978 497 1025 trarias:
559 987 609 1023 et
659 977 828 1024 Servii
877 975 1096 1039 Sulpicii
1157 984 1309 1038 atque
1357 969 1610 1031 Mess'ala'e,

297 1115 475 1166 infidiatis
505 1126 648 1152 oratore
674 1125 800 1165 atque,
815 1129 899 1150 cum
930 1114 1029 1150 Alm.
1063 1127 1109 1149 cx
1129 1128 1206 1162 quo
1228 1114 1304 1149 duo
1326 1116 1510 1162 postrema
1530 1127 1610 1149 non

294 1183 574 1207 memorantur:
607 1186 626 1206 a
656 1173 722 1207 sec.
757 1185 807 1205 m.
846 1181 1073 1217 uterque-
1103 1169 1250 1219 infidias
1273 1169 1403 1213 (Flor.
1437 1169 1610 1219 infidiac)

297 1235 419 1262 orator
451 1236 569 1275 atque.
599 1237 635 1262 et
662 1229 707 1261 fic
738 1225 862 1261 Guelf.
887 1225 1002 1260 Goth.
1028 1238 1114 1260 cum
1136 1225 1238 1262 Voss'.
1268 1233 1304 1260 2.
1333 1225 1444 1261 Bodl.
1466 1235 1503 1259 et
1525 1223 1609 1260 edd.

295 1292 380 1316 ante
408 1282 512 1316 Basti.
587 1282 658 1315 Sed
688 1282 817 1328 Camp.
861 1281 900 1314 cli
928 1280 1057 1315 zmulat
1086 1281 1122 1314 in
1156 1278 1302 1328 infidias
1339 1289 1464 1316 orator
1490 1287 1609 1327 atque.

294 1336 475 1371 Nostrum
505 1349 551 1371 ex
572 1336 807 1371 correctione
826 1334 1037 1379 veyiffirna,
1062 1333 1182 1381 qualis
1202 1337 1235 1380 ᾖ.
1274 1341 1335 1377 15.
1391 1338 1525 1382 Longe
1547 1333 1610 1369 de·

296 1390 413 1425 terius
441 1391 534 1427 Obr.
564 1391 601 1424 di
630 1391 759 1424 zmulat
787 1392 928 1424 interim
960 1389 1107 1439 infidias
1127 1402 1160 1424 0.
1183 1403 1235 1429 0.,
1263 1390 1500 1438 minimeque
1521 1401 1610 1437 pro-

295 1445 416 1479 banda
434 1447 564 1481 Burm.
587 1446 687 1490 conj.
709 1446 747 1479 di
775 1445 902 1479 ιηιιιίαε
921 1446 994 1480 vim
1017 1443 1185 1492 insidiens
1205 1457 1238 1478 o.
1258 1458 1288 1480 e.
1444 1443 1534 1493 sunt
1559 1446 1610 1479 ἱη.

293 1499 401 1535 Bafil.
433 1503 552 1536 Stoer.
587 1500 748 1534 Chouet.
781 1500 888 1535 Leid.
918 1500 1086 1534 inserunt
1113 1498 1237 1546 forte,
1279 1499 1384 1547 quod
1410 1498 1612 1534 rectiffimo

295 1555 406 1589 codd.
438 1555 658 1589 auctoribus
692 1555 802 1600 ejecit
834 1555 935 1590 Gibs.
967 1566 1149 1594 monens,
1199 1567 1276 1590 non
1311 1554 1446 1589 debere
1480 1561 1612 1588 temere

295 1611 511 1645 oratoribus
531 1609 646 1644 verba
669 1610 864 1650 excidere3
895 1622 989 1657 quae
1006 1609 1104 1643 ratio
1126 1622 1227 1644 nunc
1245 1609 1367 1657 vulgo
1387 1607 1611 1656 negligitur.
1658 1609 1662 1612 '

360 1665 475 1706 vdicta
498 1663 586 1714 sinc.
643 1665 739 1703 Jens.
773 1663 860 1709 (tac.
891 1665 1021 1708 Gesn.)
1055 1664 1090 1699 d,
1112 1662 1202 1711 sunt
1230 1677 1318 1700 cum
1344 1663 1428 1700 edd.
1453 1673 1610 1699 recentt.

296 1719 588 1809 afflengiifilllud.
646 1775 776 1809 Turic-
803 1773 904 1810 Flor.
936 1772 1060 1809 Guelf.
1093 1774 1185 1813 Illa,
1225 1787 1293 1822 per
1324 1784 1490 1808 errorem
1524 1771 1610 1817 jun-

296 1829 411 1876 gendi
441 1843 527 1864 cum
562 1830 773 1876 p1·oxi1nis;
807 1829 852 1863 cf.
876 1837 910 1871 5,
933 1842 967 1876 9,
995 1837 1052 1870 13.
1115 1837 1150 1863 et
1170 1831 1286 1864 Servii
1307 1829 1460 1874 Sulpicii
1491 1835 1611 1875 atque.

297 1885 358 1919 Sic
399 1885 528 1919 Turio.
570 1884 671 1919 flor.
712 1883 836 1919 Guelf.
876 1884 991 1919 Goth.
1034 1887 1134 1928 (crr.
1170 1885 1312 1928 Gesn.)
1342 1884 1472 1930 Camp'.
1503 1881 1612 1917 Bam.

295 1939 452 1986 Reliqui
481 1948 520 1973 ut
548 1939 582 1973 S.
615 1940 649 1973 S.
683 1948 727 1973 et.
788 1940 909 1973 Modo
938 1949 1021 1972 ante
1049 1937 1173 1986 Aesch.
1206 1938 1307 1974 Flor.
1330 1937 1455 1975 Guelf.
1479 1938 1611 1984 Camp.

294 1994 408 2029 Goth.
440 1994 537 2032 Jens.
567 1995 654 2037 (tac.
683 1994 823 2038 Gesn.)
858 2003 892 2027 et
924 2006 1011 2028 cum
1043 1993 1124 2027 edd.
1147 2003 1231 2028 ante
1252 1991 1356 2027 Bafil.
1378 2002 1457 2027 non
1478 1991 1610 2027 Turic-

293 2049 364 2083 Sed
390 2050 518 2096 Camp.
551 2059 634 2082 ante
666 2047 756 2096 Caff.
787 2049 932 2083 omittit
965 2058 1009 2083 et.
1081 2049 1254 2082 Minutae
1285 2047 1355 2081 hae
1386 2055 1441 2087 et,
1490 2055 1610 2095 atque,

291 2103 448 2138 voculae
485 2115 564 2138 non
604 2103 817 2138 inconsulto
847 2103 929 2138 sunt
955 2103 1170 2150 dispositae:
1213 2104 1352 2137 iterum
1379 2103 1541 2149 politum
1572 2108 1613 2135 ue

292 2168 374 2193 ante
404 2160 502 2194 Serv.
539 2158 662 2206 inepti
685 2158 802 2193 fuerit
827 2159 1002 2194 tumoris.
1062 2160 1255 2193 Praeterea
1281 2157 1538 2196 monendum,
1567 2156 1610 2191 in

349 2289 414 2320 21„
454 2281 615 2320 actionis.
690 2278 802 2315 Plane
849 2291 919 2327 pro
979 2290 1014 2315 2.
1045 2280 1086 2314 in
1119 2291 1194 2327 quo
1225 2288 1261 2313 et
1285 2278 1364 2326 ipso
1387 2281 1464 2314 Ser.
1483 2277 1610 2327 Sulpi·

293 2335 457 2368 orat-ione
484 2335 597 2368 etiam
626 2335 777 2382 scripta:
810 2335 856 2370 cf.
876 2334 921 2369 ad
977 2336 1058 2370 cius
1091 2347 1157 2381 pro
1187 2331 1353 2373 Aufidia!
1374 2343 1610 2368 memoratur

295 2393 340 2431 4,
367 2401 408 2426 ι.
430 2397 494 2430 52.
979 2401 1016 2425 et
1045 2390 1093 2424 est
1120 2387 1303 2437 particula
1335 2402 1404 2436 pro
1437 2389 1480 2423 in
1508 2388 1608 2436 ipfis,

349 2453 412 2478 22.
443 2444 515 2479 Ser.
537 2444 636 2490 Sulp.
657 2454 764 2494 atque
781 2443 921 2493 Messa·
979 2455 1022 2479 ut
1069 2444 1225 2491 quidem
1270 2443 1474 2484 docemur,
1524 2445 1607 2478 MS.

292 2497 359 2532 lae.
392 2498 437 2533 cf.
462 2498 483 2531 6
496 2524 505 2538 ‚
531 2510 545 2530 1
561 2525 571 2538 ‚
596 2510 658 2534 20.
715 2501 755 2534 Si
773 2501 814 2534 iu
834 2499 920 2534 loco
978 2499 1169 2536 ductibus,
1187 2497 1274 2533 ioco
1293 2496 1440 2547 alioqui
1453 2497 1607 2534 mutilo.

292 2552 409 2586 nostri
427 2559 471 2596 4,
494 2565 536 2590 2,
563 2554 650 2588 106.
682 2568 748 2600 pro
771 2554 921 2600 Aufidia
975 2555 1034 2588 An
1082 2554 1202 2601 igitur
1238 2552 1357 2590 ta‘ntae
1397 2554 1608 2590 oblivioni·

292 2606 424 2641 liceret
455 2619 601 2641 mutare
630 2609 670 2642 in
700 2619 824 2643 contra
845 2609 919 2642 Αιι-
975 2611 1141 2644 accusare
1215 2609 1474 2644 sustinebimus
1539 2620 1607 2642 no-

288 2661 428 2704 sidiam,
452 2662 545 2696 salva
561 2675 619 2696 res
642 2664 749 2703 effct;
771 2665 830 2698 sed
852 2663 918 2698 ob·
974 2663 1087 2712 sssum
1101 2690 1111 2704 ,
1143 2675 1186 2698 ut
1206 2663 1275 2698 illo
1298 2662 1390 2699 libri
1409 2663 1499 2698 sexti
1518 2661 1607 2698 loco

293 2716 356 2750 fiat
367 2715 617 2763 fragmentum
629 2717 768 2766 Fessip.
782 2719 916 2754 Dacer.
973 2719 1215 2759 aberraverit,
1238 2730 1326 2754 cum
1344 2717 1504 2759 scribere
1525 2716 1606 2755 vel-
