1676 3028
187 681 233 717 ¹9

256 237 357 292 526
572 238 648 285 M.
675 240 807 286 ΕΑΒ.
844 240 1249 301 QUINTILIANI

261 360 357 410 stio
395 358 600 426 speciali
638 363 927 428 potentior,
993 364 1115 427 quia
1163 364 1405 415 universo
1445 382 1563 432 pars

262 437 586 494 continetur,
624 455 733 486 non
771 438 956 501 utique
994 437 1187 485 accedit
1221 441 1378 503 parti,
1410 440 1563 504 ‚quod

261 509 565 559 universum
613 511 710 560 est:
786 511 1021 576 profecto
1069 529 1224 561 nemo
1279 513 1564 577 dubitabit,

262 586 522 650 generales
561 585 879 649 quaestiones
909 589 964 634 in
1002 588 1096 636 illo
1123 589 1344 636 maxime
1370 587 1565 637 studio-

261 675 381 708 rum
427 676 573 708 more
620 660 854 710 versatas.
955 665 1062 715 Jam
1109 672 1239 711 ‘vero
1295 679 1414 711 cum
1465 661 1566 712 sint

259 735 423 782 multa
458 737 684 801 propriis
712 735 1064 800 brevibusque
1093 733 1567 801 comprehensioni-

258 809 358 858 bus
397 807 658 868 finienda,
715 811 856 860 unde
905 813 1058 859 etiam
1105 810 1258 860 status
1299 811 1566 862 causarum

259 883 456 932 dicitur
479 882 754 953 finitivus.-
825 903 1003 936 nonne
1043 886 1107 936 ad
1143 886 1200 935 id
1237 904 1450 952 quoque
1485 889 1568 939 in-

259 957 387 1010 strui
425 960 488 1008 ab
531 962 626 1020 iis,
689 963 785 1026 qui
822 963 941 1028 plus
980 963 1037 1011 in
1075 963 1178 1012 hoc
1215 960 1382 1011 studii·
1411 962 1567 1012 dede-

258 1144 379 1181 Goth.
407 1144 509 1183 Voff.
539 1156 575 1181 2.
607 1147 701 1186 Jens.
733 1158 771 1183 et
797 1147 879 1183 edd.
907 1146 997 1196 post.
1025 1157 1110 1182 ante
1137 1145 1222 1181 Ald.
1243 1158 1316 1182 acc.
1338 1145 1428 1181 Bad.
1450 1158 1479 1180 c.
1502 1159 1566 1181 au·

258 1209 330 1235 tem
349 1198 403 1247 sit
429 1213 462 1235 o.
495 1201 624 1250 Camp.
656 1215 687 1238 c.
715 1202 802 1240 Ald.
824 1202 932 1238 Basil.
964 1201 1062 1251 c-sit
1081 1210 1200 1236 autem
1221 1215 1255 1237 ο.
1285 1200 1438 1248 reliqui.
1495 1213 1568 1248 qua

255 1268 327 1303 pro
348 1257 435 1302 quia
464 1255 593 1291 Turic-
623 1256 726 1292 F-lor.

998 1271 1086 1305 pars
1115 1259 1236 1304 utique
1269 1265 1362 1291 cont.
1401 1255 1463 1290 Sic
1488 1256 1566 1290 Tu-

254 1311 325 1346 ric.
360 1308 462 1344 Flor.
501 1312 625 1358 utique
659 1324 735 1346 om.
769 1311 923 1360 reliqui.
985 1313 1083 1359 quod
1110 1314 1146 1346 in
1176 1313 1272 1346 univ.
1306 1309 1407 1346 Voss'.
1441 1323 1474 1344 ι.
1517 1306 1567 1356 eft:

255 1378 333 1400 om.
361 1364 490 1399 Turic-

254 1419 359 1456 flor.
418 1418 570 1468 versitas
600 1422 725 1474 §aelf-

557 1366 738 1403 dubitavit
764 1368 895 1403 Turio.
929 1366 1031 1404 Flor.
1062 1366 1190 1416 Camp.

1259 1363 1409 1413 versatis
1436 1364 1564 1400 Tun-ic.

341 1542 404 1577 ¹9·
441 1531 610 1578 brevique
638 1545 668 1565 c.
690 1530 876 1578 finiendis
905 1531 1036 1566 Turio.
1065 1529 1168 1565 Flor.
1197 1529 1358 1565 brevibus
1376 1543 1405 1565 c.
1429 1527 1562 1575 finien-

254 1586 306 1621 ‹1oe
325 1584 449 1622 Guelf.
470 1597 501 1619 c.
526 1586 629 1621 Voff.
656 1594 691 1627 3.
741 1587 927 1633 finitirnus
949 1587 1077 1633 Camp.
1135 1585 1180 1619 ab
1200 1585 1254 1618 his
1275 1584 1404 1619 Turic.
1429 1584 1559 1631 Camp.

245 1639 371 1689 studio
404 1639 506 1674 Flor.
542 1653 573 1676 c.
606 1640 706 1677 Alm.
764 1643 869 1688 aequi
896 1640 1136 1688 disposicione
1164 1641 1293 1687 Camp.
1350 1653 1374 1674 a
1401 1651 1471 1687 pro
1499 1647 1563 1673 aut

255 1696 385 1732 Turio.
445 1708 529 1740 pars
553 1696 602 1731 ad
629 1704 701 1732 rac.
733 1707 808 1731 om.
840 1696 970 1744 Camp.

253 1764 286 1786 c.
309 1750 412 1789 Voss.
436 1762 451 1782 ι
460 1774 468 1783 .

254 1893 367 1932 alibi,
407 1892 478 1928 ubi
507 1893 553 1927 ad
585 1894 705 1929 causas
728 1894 882 1930 vincen-

258 1950 324 1983 das
337 1948 512 1983 refertur.
575 1948 687 1994 Quod
706 1963 791 1984 cum
812 1949 884 1997 ipsi

257 2003 480 2053 Spaldingio
501 2003 565 2038 hic
583 2004 773 2044 acciderit,
807 2015 884 2039 tur-

254 2059 388 2095 batum
427 2058 491 2092 hic
529 2057 675 2106 aliquid
716 2060 881 2108 putabat.

256 2113 328 2149 Sed
347 2115 537 2160 potentior
550 2113 692 2149 dictum
713 2115 776 2149 hic
795 2114 883 2163 phi-

256 2168 454 2216 losophico
484 2169 609 2209 senfin
664 2168 751 2218 plus
781 2170 883 2205 enim

255 2223 357 2259 valet
402 2222 586 2271 generalis
632 2225 798 2272 quaestio
847 2235 883 2260 et

253 2278 364 2327 plura
394 2279 531 2319 efficit,
562 2291 606 2314 eo
637 2280 743 2326 quod
772 2279 882 2328 plura

255 2333 533 2381 complectitur.
600 2334 703 2370 Illud
742 2348 880 2382 porro,

254 2390 358 2438 quod
376 2389 418 2424 in
437 2401 584 2437 quaque
606 2391 761 2424 materia
795 2390 880 2424 uni·

252 2444 401 2479 versum
425 2443 491 2483 est,
529 2458 608 2480 non
628 2445 760 2493 utique
782 2459 878 2480 acce-

253 2500 309 2533 «lit
329 2498 474 2543 (ἕπεται,
497 2500 545 2534 sic
570 2500 714 2548 optime
735 2500 879 2536 Boeck-

252 2553 367 2598 hius)
401 2554 511 2602 parti.
578 2557 680 2602 Quae
711 2569 796 2590 cum
825 2556 877 2589 ita

253 2609 334 2646 sint,
362 2608 471 2644 facile
490 2609 666 2650 efficitur,
689 2624 787 2651 eum,
810 2610 879 2658 qui

253 2664 295 2698 in
316 2664 474 2698 dicendo
506 2666 539 2699 se
560 2679 754 2713 nunquam
775 2666 882 2701 desti-

254 2721 313 2755 tui
338 2718 462 2759 volet,
506 2721 746 2768 generalibus
768 2734 882 2770 quae·

1031 1708 1159 1742 parum
1186 1695 1236 1730 ad
1261 1707 1350 1730 mor.
1370 1693 1500 1730 Ambr.
1519 1703 1556 1728 2.

939 1894 1123 1931 stionibus
1138 1906 1289 1944 operam
1302 1893 1388 1928 dare
1406 1891 1562 1933 daban

939 1963 1062 1999 neque
1107 1950 1307 1998 quisquam
1355 1947 1563 1986 dubitabit,

941 2019 998 2041 eas
1035 2006 1077 2040 iu
1107 2005 1178 2040 illo
1209 2004 1372 2039 maxime
1385 2029 1398 2045 ,
1449 2014 1564 2051 quem

939 2061 1065 2108 graeci
1109 2059 1331 2109 philosophi
1379 2057 1563 2107 praefere-

939 2116 1049 2156 bant,
1080 2116 1292 2151 studiorum
1316 2126 1424 2149 more
1450 2124 1564 2162 quam

938 2169 1176 2206 subtilissime
1213 2171 1355 2218 [emper
1394 2177 1564 2204 tractatas

939 2225 1020 2260 ess‘e.
1077 2227 1131 2260 Ita
1154 2225 1243 2260 haee
1268 2224 1296 2258 si
1318 2221 1564 2271 explicamus,

937 2293 1015 2315 non
1037 2280 1158 2316 solum
1188 2281 1226 2314 iu
1244 2278 1314 2314 illo
1334 2290 1432 2314 more
1463 2280 1562 2325 (pro

938 2348 1015 2383 quo
1031 2349 1077 2370 ne
1090 2336 1175 2383 quis
1188 2344 1306 2370 tonte-t
1321 2346 1463 2380 genere,
1477 2343 1562 2366 cau·

935 2401 1016 2425 tum
1036 2390 1149 2430 volo)
1169 2401 1281 2425 nemo
1301 2387 1480 2427 haerebit,
1499 2384 1560 2421 red

936 2456 972 2480 et
991 2446 1198 2494 perfectum
1222 2442 1380 2491 versatas
1392 2440 1471 2478 nori
1482 2441 1559 2475 Iino

933 2502 1080 2536 ratione
1131 2499 1345 2534 adhibitum
1389 2495 1559 2543 agnosce·

934 2568 1031 2596 mus,
1046 2556 1150 2603 quod
1162 2566 1231 2603 pro
1245 2551 1378 2598 versari
1394 2551 1557 2598 positum

935 2622 971 2644 et
1000 2611 1075 2658 ipse
1097 2622 1181 2645 cum
1195 2605 1430 2655 Spaldingio,
1454 2617 1555 2640 ante-

940 2678 1050 2712 quam
1062 2660 1345 2700 cumssoeckhio
1355 2660 1444 2695 haec
1456 2673 1560 2696 com·

935 2721 1183 2758 municarem.
1198 2714 1374 2752 mirabar.
1387 2716 1556 2751 Bumoeu.
