1572 2938
477 112 924 193 PRAEFATIO.
1312 160 1344 190 v

0 289 144 338 ‘ritae
165 280 286 336 suae
312 280 512 334 munus
541 281 794 350 exegisset,
832 283 891 346 id
910 283 1042 334 meis
1063 281 1226 349 ipsius
1253 281 1343 332 ad-

29 392 275 433 unxeram
294 374 580 432 laboribus,
613 375 707 438 qui
725 390 899 438 neque
919 372 1118 438 deponi
1140 369 1341 437 possent

0 479 98 513 mec
125 463 369 512 deminui
381 481 394 521 ;
457 480 483 510 a
518 462 714 527 quibus
746 478 857 510 non
885 462 954 509 ita
990 460 1223 509 multum
1255 458 1340 509 su‘-

0 550 212 617 sierfore
246 553 343 601 otii
370 550 615 599 videbam
645 551 887 615 negotio,
947 547 1096 614 quod
1136 537 1339 597 summa

0 641 123 689 mum
162 638 274 688 fide
307 649 358 687 et
391 639 650 704 religione
681 639 872 703 exequi
913 636 1022 704 ipsa
1064 634 1338 686 decessoris

0 728 279 776 2=uctoritas
299 727 530 792 cogebat.
568 738 574 740 ’
610 728 742 774 Mox
764 726 856 774 illa
875 725 1182 776 inciderunt
1207 736 1338 775 tem-

0 837 1 879 3
23 798 141 873 tora,
151 831 246 880 per
257 830 389 880 quae
410 830 509 862 con
517 811 606 861 stat
617 814 969 862 maximorum
986 815 1336 864 minimorum

0 902 336 968 'negotiorum
375 911 616 950 tenorem
655 904 1016 966 interruptum
1060 900 1334 950 substitisse

17 989 338 1055 {liquamdia
386 990 535 1039 Plura
550 1003 662 1039 non
679 990 862 1038 attinet
882 986 1066 1038 afferre
1092 989 1157 1038 ad
1178 1007 1332 1040 excu-

7 1077 202 1133 ,andam
222 1076 516 1127 tarditatem
536 1095 723 1138 meam,
745 1079 855 1141 qui,
872 1077 1019 1143 quod
1033 1079 1166 1126 intra
1184 1095 1333 1128 men-

9 1168 346 1232 uum-aliquot
357 1166 581 1234 spatium
597 1176 932 1233 peracturum
947 1183 1031 1214 me
1045 1163 1330 1232 sperassem,

22 1261 136 1304 xun'c
157 1254 391 1314 demum,
406 1256 542 1304 inito
557 1256 748 1320 quinto
773 1252 886 1321 post
900 1254 1194 1321 Spaldingii
1217 1255 1333 1305 obi-

22 1340 106 1392 am
129 1360 289 1403 anno,
305 1344 612 1411 peregerim.

48 1461 50 1471 ι
103 1419 255 1482 No‘vi
274 1443 552 1499 apparatus
569 1433 738 1481 critici
752 1431 877 1480 inde
897 1449 924 1479 a
937 1424 1080 1480 tertii
1097 1432 1329 1482 volumi-

22 1519 73 1569 zis
88 1518 322 1570 editione
341 1522 481 1569 nillil
497 1520 691 1569 editori
711 1517 975 1569 accesserat
993 1531 1199 1587 praeter
1215 1521 1327 1572 duo

22 1606 196 1660 udices
230 1609 343 1658 'non
366 1608 496 1659 adeo
520 1611 698 1675 magni
728 1608 947 1675 quidem
970 1610 1154 1674 pretii,
1191 1627 1328 1675 quos

30 1708 164 1745 nmen
183 1707 390 1764 paratos
408 1698 675 1769 negligere
698 1698 890 1748 noluit.
933 1699 1146 1767 Quippe
1160 1699 1245 1748 vir
1262 1699 1328 1747 il-

19 1781 312 1834 ustriffimus
333 1796 385 1834 et
406 1783 731 1836 doctissimus
752 1789 815 1834 H.
832 1788 884 1834 F.
902 1784 967 1834 de
981 1788 1131 1845 Diez,
1155 1789 1212 1836 in
1234 1805 1326 1837 cu.-

33 1886 70 1919 ts
91 1870 332 1924 ditiffimo
355 1876 536 1924 rerum
559 1874 625 1923 ad
636 1873 834 1924 nostras
849 1875 1045 1924 litteras
1057 1877 1329 1942 pertinen-

20 1973 122 2007 ³mn
152 1959 396 2012 thesauro
421 1964 621 2029 primas
643 1973 814 2029 partes
839 1974 1063 2030 occupat
1090 1963 1328 2033 supellex

17 2047 223 2095 -mtenii
249 2048 517 2117 litteraria,
551 2051 755 2116 quique
787 2051 950 2113 hujus
979 2050 1137 2101 usum
1169 2053 1328 2103 bonis

26 2134 294 2184 :er-mittere
315 2137 376 2186 in
394 2137 554 2187 laude
577 2136 666 2187 sua
687 2140 857 2203 ponit,
877 2139 1185 2206 Spaldingio
1200 2140 1328 2190 inde

35 2235 104 2268 tm
133 2221 389 2273 libellum*
405 2222 603 2274 obtulit
636 2227 804 2274 varias
836 2226 1089 2277 lectiones
1116 2230 1328 2298 Quinti-

23 2309 212 2359 aniex
242 2310 425 2362 codice
455 2313 637 2378 aliquo
663 2324 925 2380 excerptas
951 2316 1328 2376 continentem,

22 2409 102 2444 um
115 2398 463 2466 Florilegium
479 2401 543 2470 ab
563 2402 779 2467 antiqua
800 2420 963 2452 manu
988 2405 1047 2452 in
1071 2406 1330 2455 membra-

0 2510 6 2540 ;
36 2483 73 2533 ‘ts
83 2478 349 2549 scriptum,
375 2487 765 2556 sententiasque
790 2508 853 2538 ex
871 2493 1187 2543 Latinorum
1207 2491 1330 2543 scri-

23 2567 208 2624 ttm'llm
219 2594 221 2598 ·
234 2577 492 2642 operibus:
509 2579 754 2628 collectas
778 2578 1044 2631 exhibens.
1119 2585 1331 2648 Horum

0 2668 6 2678 ·
29 2652 252 2709 abrorum
275 2664 418 2725 alter,
441 2683 603 2734 quem
620 2666 724 2718 hoc
743 2665 893 2734 sign‘o
910 2669 1039 2720 ExC.
1069 2671 1211 2721 Sane.
1233 2690 1334 2729 no·-
