1676 3028
306 173 469 220 msr.
510 173 791 220 ORATOR.
829 173 951 223 12113.¹
986 173 1098 228 ΧΠ,
1139 187 1183 219 2.
1325 184 1422 233 519

86 301 306 354 oratoris
343 316 504 367 ,opere
540 300 854 362 conjuncta?
893 298 1034 348 Nam
1075 308 1138 348 ut
1169 296 1414 349 ordinem

14 435 15 438 Ἴ
82 389 226 429 retro
264 394 497 444 agamus,
536 376 603 426 de
642 378 830 426 ultima
866 377 975 435 illa,
1014 392 1148 441 quae
1170 386 1279 426 tota
1295 378 1415 425 ver-'

67 454 219 506 satur
255 457 315 504 in
355 454 547 513 verbis,
586 471 744 504 nemo
776 453 1112 511 dubitaverit,
1151 451 1194 501 fi
1219 462 1271 500 et
1289 470 1413 520 pro-

15 564 45 604 r·
75 534 319 600 prietates
357 533 505 582 vocis
545 535 802 596 cujusque
843 528 1014 588 noffe,
1077 540 1130 578 et
1166 530 1414 595 ambigua

77 611 305 676 aperire,
345 619 398 657 et
435 609 683 675 perplexa
719 608 1031 665 discernere,
1072 618 1124 657 et
1164 606 1233 655 de
1272 604 1414 656 falsis

77 687 337 749 judicare,
379 687 710 751 et0colligere
744 702 800 733 ac
829 683 1115 743 resolvere,
1156 701 1290 750 quae
1321 701 1415 734 ve-

76 764 160 822 lis,
198 774 470 813 oratorum
495 761 580 811 est.
661 767 974 832 Quanquam
997 779 1055 809 ea
1077 778 1190 811 non
1211 772 1318 810 tam
1342 758 1416 808 est

77 841 285 890 minute
317 851 474 905 atque
503 838 706 891 concise
730 842 789 888 in
811 839 1106 889 actionibus
1123 838 1417 896 utendum,

77 932 239 983 quam
269 918 328 966 in
359 916 843 982 disputationibus:
923 917 1050 981 quia
1079 932 1192 966 non
1224 915 1416 965 docere

75 993 268 1051 modo,
330 991 420 1041 sed
459 1010 677 1043 movere
719 995 880 1042 etiam
922 1009 978 1040 ac
1027 992 1284 1042 delectare
1323 1009 1418 1041 au-

75 1069 281 1119 dientes
312 1069 468 1118 debet
491 1081 694 1119 orator:
773 1070 838 1119 ad
871 1068 1022 1133 quod
1046 1060 1254 1136 impetu
1278 1085 1417 1133 quo-

75 1165 182 1214 que
223 1163 281 1195 ac
314 1147 523 1197 viribus
562 1157 614 1195 et
646 1146 837 1196 decore
878 1145 950 1195 est
987 1162 1152 1212 opus:
1236 1155 1294 1196 ut
1332 1145 1417 1196 vis

75 1337 109 1361 c.
142 1323 244 1360 Alm.
275 1337 367 1374 quae
397 1324 544 1360 tandem
569 1323 729 1374 reliqui.
790 1326 934 1372 agimus
962 1325 1095 1360 Turio.
1135 1322 1241 1360 Flor.
1277 1325 1412 1372 Camp.

75 1384 116 1417 in
143 1381 262 1418 verbis
292 1394 369 1418 om.
399 1382 530 1417 Turic.
562 1381 667 1417 Flos.
724 1381 974 1430 cujuscumque
1004 1381 1137 1417 Turio.
1168 1380 1286 1418 Goth.
1318 1382 1417 1425 (tac.

74 1438 219 1486 Germ).
278 1435 395 1488 noffet
431 1436 530 1474 amb.
568 1437 700 1472 Turio.
741 1436 847 1472 Flor.
889 1437 984 1483 (hie
1022 1451 1042 1471 a
1071 1451 1130 1487 pr.
1163 1450 1215 1472 m.
1251 1435 1414 1486 noscet).

73 1492 182 1543 nosce
208 1504 244 1530 et
274 1508 308 1529 a.
343 1493 430 1529 Ald.
715 1501 905 1528 oratorum
936 1491 996 1541 est.
1057 1493 1120 1529 Sic
1153 1493 1284 1529 Turic.
1307 1491 1414 1528 Flor.

72 1548 222 1586 Ambrs
243 1560 282 1585 2·
313 1549 441 1586 Guelf.
474 1548 607 1598 Camp.
639 1562 672 1585 c.
693 1547 796 1584 Alm.
829 1550 936 1588 Voff.
973 1564 1008 1585 1.
1043 1558 1082 1594 3.
1111 1551 1227 1586 Bern.
1258 1549 1420 1586 oratoris

73 1603 124 1655 est
152 1606 310 1656 reliqui.

161 1687 225 1710 u.
283 1671 392 1724 causa
419 1687 494 1723 pro
524 1688 569 1710 ea
598 1673 725 1710 Guelf.
759 1673 807 1710 cf.
845 1678 890 1717 4,
926 1687 969 1713 ι,
1004 1686 1070 1723 ¹9·
1123 1686 1167 1723 9,
1201 1679 1248 1718 4,
1279 1672 1345 1718 65.
1378 1669 1419 1722 fi

74 1744 148 1783 pro
179 1728 230 1780 est
257 1731 392 1767 Tul-ic.
422 1729 530 1766 Flore
586 1728 742 1778 conscise
771 1730 903 1777 Camp.
935 1729 983 1765 ef.
1018 1740 1091 1771 12.
1126 1744 1161 1771 ι,
1194 1741 1260 1766 20.

296 1800 338 1821 ac
366 1786 504 1822 viribus
533 1796 579 1821 et.
636 1786 699 1820 Sic
725 1785 857 1820 Turio.
898 1785 945 1820 do
975 1800 1009 1822 v.
1043 1796 1079 1821 ec
1104 1785 1208 1822 Flor.
1240 1795 1279 1822 et
1307 1799 1344 1821 v.
1374 1798 1419 1821 ac

75 1841 234 1891 reliqui.
292 1840 373 1892 msa
402 1844 522 1887 major
551 1841 685 1877 Turic.
739 1842 794 1876 vis
827 1846 869 1877 αϊ
897 1843 1017 1886 major
1046 1842 1153 1879 Voss’.
1185 1855 1219 1877 ι.
1243 1850 1282 1885 5.
1339 1855 1418 1876 ma·

72 1901 194 1946 jor-em
223 1910 296 1947 pro
328 1912 375 1934 m.
408 1895 459 1946 est
489 1898 623 1934 Ambr.
654 1908 693 1934 2,
723 1895 850 1933 Guelf.
909 1899 1009 1947 ripas
1046 1898 1251 1947 multosque
1290 1898 1418 1946 gurgi-

77 1958 125 1991 εἰς
154 1969 222 2004 que
247 1957 364 1991 tenuis
391 1954 495 1990 Flor.
531 1955 699 2004 (omissis
732 1962 837 1989 tract.
857 1953 961 2000 flu.)
999 1968 1104 2002 quem
1134 1956 1252 1991 tenuis
1279 1953 1414 1989 Turic-

77 2011 154 2048 Sed
172 2010 274 2047 Alm.
293 2010 360 2046 hic
389 2010 543 2047 turbare
568 2021 756 2052 narratur,
788 2011 860 2060 qui
884 2010 1048 2047 monstra
1067 2010 1294 2047 Florentina
1308 2022 1418 2059 prae-

76 2067 178 2103 ferre
209 2068 259 2103 est
287 2066 492 2116 putandus.

139 2226 203 2252 ιο.
228 2213 333 2264 si—
349 2222 535 2250 oratorum
559 2210 619 2260 est.
643 2213 717 2249 Di·
836 2225 899 2249 ιι.
934 2222 975 2248 ut
991 2215 1050 2250 vis
1068 2209 1417 2261 amnium—resul-

79 2271 184 2308 citur
193 2269 231 2320 si
253 2283 327 2321 pro
339 2269 534 2320 siquidem.
567 2269 614 2305 cf.
633 2283 665 2310 ι,
681 2279 718 2311 2,
775 2272 901 2307 tantis.
966 2270 1284 2307 Luculentiss'una
1312 2268 1417 2303 fimi-

83 2337 146 2367 ι7.
177 2328 272 2363 item
303 2337 348 2367 2,
385 2333 456 2371 14,
487 2331 524 2370 4.
555 2335 592 2361 et
618 2327 718 2361 Dra·
774 2325 926 2368 limdo,
955 2326 1017 2362 sed
1050 2327 1182 2363 eadem
1206 2327 1285 2362 fere
1306 2324 1419 2361 alteri

30 2419 32 2421 ,
74 2383 190 2420 kenb.
216 2386 263 2420 ad
283 2383 373 2420 Liv.
402 2393 439 2426 7,
482 2391 546 2426 15,
569 2382 605 2418 6.
645 2382 718 2417 col·
775 2391 823 2426 5,
859 2389 933 2430 ¹4·
963 2391 1029 2427 δι.
1061 2382 1108 2419 cf.
1145 2394 1216 2425 12.
1253 2395 1315 2423 10,
1350 2388 1419 2424 25.

23 2446 25 2449 '
74 2440 192 2489 ligere
211 2456 256 2477 ac
276 2439 473 2488 resolvere,
513 2450 608 2486 quae
638 2451 718 2472 ma-
775 2439 913 2475 Minus
938 2438 1016 2474 huc
1039 2439 1144 2480 facit,
1174 2438 1281 2488 quod
1311 2450 1418 2474 com·

74 2496 209 2533 nifesto
235 2497 309 2534 sibi
327 2495 499 2531 invicem
514 2505 719 2542 opponun·
774 2506 883 2545 parat
899 2496 1143 2531 Burmannus
1173 2504 1210 2540 5,
1234 2501 1272 2540 8,
1300 2503 1337 2530 2.
1368 2493 1419 2530 ad.

74 2561 159 2592 tur·
202 2554 312 2603 prius
349 2550 616 2590 ratiocinandi,
654 2552 719 2585 τοῦ
777 2565 894 2600 quem
933 2550 1065 2586 locum
1101 2551 1313 2587 decurrendi
1341 2559 1418 2586 tra·

79 2608 383 2659 συλλᾳγίζεσθαι,
423 2606 588 2643 alterum
623 2605 721 2654 refu-
777 2616 873 2644 ctum
900 2607 1092 2644 similibus
1119 2607 1274 2644 dicendi
1302 2619 1417 2656 gene·

82 2665 188 2700 tandi
206 2667 385 2714 potestate
408 2662 643 2712 accipienda.
674 2665 720 2700 In
777 2665 887 2701 ribus
918 2677 937 2699 e
969 2664 1220 2713 scriptoribus
1241 2662 1416 2699 illustrat.

80 2717 293 2768 resolvendo
316 2723 365 2758 cf.
386 2728 426 2765 5,
454 2728 518 2763 ¹3.
545 2729 607 2756 12.
776 2722 822 2756 In
852 2720 1063 2772 resultando
1103 2719 1153 2760 cf.
1183 2732 1230 2769 9,
1272 2727 1318 2765 4,
1349 2717 1414 2755 66.
