1676 3028
303 291 401 340 410
613 282 688 330 M.
720 285 851 329 FAB.
882 283 1288 343 QUINTILIANI

301 406 398 455 bus
419 404 618 471 digitis,
655 422 760 469 quo
781 422 923 455 nunc
942 406 1121 454 Graeci
1138 407 1429 472 plurimum
1448 418 1607 458 utun-

299 490 411 538 tur,
449 482 602 529 etiam
631 491 852 546 utraque
878 499 1067 539 manu,
1101 483 1313 545 quoties,
1329 484 1604 548 enthyme-

298 567 431 605 mata
462 554 553 605 sua
582 555 728 622 gestu
758 558 906 606 velut
941 556 1327 611 corrotundant.
1402 558 1603 612 Caesim

297 707 500 743 rutundam
525 707 625 744 velut
647 707 728 758 cesi.
764 710 827 744 Ex
846 708 943 744 Alm.
964 707 1067 743 nihil
1086 708 1157 743 nisi
1185 706 1289 755 quod
1311 707 1486 745 omittere
1503 712 1604 751 velut

296 773 481 798 narratur.
511 763 642 799 Ambr.
663 775 700 800 2.
723 757 847 800 Guelf.
878 764 967 808 (nisi
987 764 1092 811 quod
1120 763 1184 797 hic
1208 761 1356 810 caesini)
1377 762 1448 812 sua
1464 778 1502 812 g.
1527 779 1603 802 cor-

278 816 452 852 ''rutunda
473 818 572 854 velut
598 817 726 868 caesim
756 832 839 854 cum
860 819 975 857 Goth.
997 829 1031 854 2.
1062 818 1123 854 [ed
1143 817 1207 852 hic
1227 816 1306 866 cesi.
1335 817 1464 867 Camp.
1478 816 1602 869 [πᾶς’.

294 873 394 908 velut
420 887 532 909 cornu
554 875 710 909 tundunt
732 873 836 923 cesus.
859 875 954 914 Jens.
965 873 1036 923 sua
1054 888 1090 922 g.
1111 874 1210 909 velut
1231 875 1452 910 corrotunda
1474 874 1603 924 caesim

294 940 384 962 cum
398 929 500 966 Voss'.
527 944 560 965 ι.
583 930 651 978 qui
669 932 894 972 corrucenda,
916 941 953 965 et
972 940 1007 972 5.
1031 929 1099 977 qui
1118 929 1352 970 corrocunda,
1372 935 1409 964 et
1429 930 1512 966 edd.
1532 943 1603 979 po-

253 988 255 994 ‘
291 982 393 1020 sterr.
426 994 511 1020 ante
539 984 626 1020 Ald.
670 987 746 1021 Hic
769 984 839 1034 suo
866 1000 903 1034 g.
932 986 1031 1021 velut
1056 998 1165 1020 cornu
1191 985 1345 1018 tundunt
1364 983 1493 1033 caesim
1515 998 1603 1021 cum

291 1037 390 1076 Van.
413 1053 432 1073 a
453 1040 519 1075 fec.
540 1054 590 1076 m.
611 1051 648 1076 et
666 1040 826 1089 reliquis
845 1053 928 1077 ante
949 1042 1070 1081 Gesn„
1098 1040 1170 1075 nisi
1190 1039 1293 1087 quod
1311 1050 1460 1087 praeter
1478 1041 1602 1088 ipsum

292 1104 329 1128 et
358 1095 450 1131 Bad.
471 1095 556 1144 sua.
577 1091 694 1132 Goth.
724 1111 757 1132 1.
781 1095 852 1144 sua
872 1111 909 1145 g.
935 1095 1034 1132 velue
1054 1108 1162 1130 cornu
1186 1094 1340 1129 tundant
1362 1093 1494 1142 caesim
1513 1107 1602 1130 cum

288 1147 390 1184 Voss'.
407 1161 444 1186 2.
472 1152 594 1200 fiapp·
630 1153 671 1188 N
674 1152 813 1187 ostrum
836 1154 1005 1202 primum
1023 1151 1064 1185 in
1089 1149 1187 1187 Vall.
1209 1149 1323 1184 litura
1343 1150 1504 1198 agnovit
1529 1151 1601 1184 Ba-

285 1203 392 1245 dius,
426 1206 611 1253 probante
642 1209 774 1242 Burm.
805 1221 915 1244 cornu
946 1221 994 1243 ex
1022 1205 1098 1241 sola
1125 1204 1405 1253 corrigentium
1435 1203 1604 1241 libidine

968 1337 1124 1384 jiciatur
1147 1348 1295 1372 manus.
1351 1335 1456 1373 Haec
1485 1335 1539 1369 ita
1566 1333 1601 1369 l'e

346 1344 436 1373 102.
474 1337 820 1386 enthymemata—
838 1350 914 1372 cor·

969 1392 1108 1428 habere
1159 1404 1390 1439 magnopere
1447 1388 1599 1425 dubito.

281 1392 494 1428 retundant.
540 1392 754 1428 Rectiffime
777 1394 913 1429 Gesne-

283 1459 350 1481 rus
381 1448 429 1482 ad
458 1448 578 1483 fidem
597 1447 692 1483 huic
709 1448 912 1496 scripturae

282 1501 494 1536 faciendam
513 1502 676 1551 appellat
687 1503 711 1540 J
713 1503 912 1538 uveualem

283 1556 330 1595 6,
362 1562 452 1604 449.
504 1558 575 1593 ubi
609 1568 782 1592 matrona
814 1559 911 1604 justo

282 1611 434 1647 doctior
450 1627 591 1649 curvum
596 1611 766 1660 sermone
785 1622 910 1649 rotato

285 1666 470 1714 Torqueat
499 1669 744 1716 enthymema.
803 1670 910 1704 Idem

278 1720 463 1768 Dionysii
479 1722 600 1759 Halia.
613 1720 709 1761 λέξιν
733 1722 911 1772 στρογγό·

277 1779 356 1819 Anu,
378 1789 490 1824 quam
511 1777 579 1812 ille
599 1788 636 1813 et
655 1778 831 1822 δικανικὴν
853 1780 911 1814 di-

278 1842 350 1872 cat,
381 1843 419 1868 et
448 1833 710 1882 Aristophanis
729 1833 909 1878 (Acharn.

279 1886 394 1933 686.)
414 1886 624 1936 στρογγύλα
645 1888 796 1937 ῥήματα,
816 1903 910 1938 quo-

275 1953 365 1975 rum
386 1943 633 1980 collectiones
650 1955 688 1980 et
699 1945 910 1981 conclusio-

276 2009 344 2031 nes
372 1997 453 2045 ipso
482 1998 599 2044 hujus
621 2000 742 2047 gestus
762 2000 909 2036 circulo

276 2051 413 2087 Graeci
447 2053 513 2088 illi
546 2054 793 2097 ostenderint3
848 2057 910 2092 sed

274 2107 360 2142 vim
387 2109 497 2144 vocis
529 2107 657 2157 caesim
690 2112 792 2147 mihi
825 2112 910 2159 qui·

275 2162 364 2197 dem
383 2176 462 2199 non
488 2165 572 2199 satis
593 2169 753 2214 aperuit.
794 2167 910 2214 Quod

275 2230 348 2264 ego
391 2219 624 2255 vocabulum
665 2234 907 2270 utrocunque

272 2273 485 2314 retulerim,
514 2276 610 2323 quid
630 2279 666 2313 ei
680 2279 814 2313 faciam
826 2290 907 2312 non

271 2330 437 2375 reperio.
510 2332 695 2368 Gesnerus
733 2335 815 2369 sane
854 2334 906 2368 se-

243 2420 245 2423 ·
274 2386 408 2429 quenti
433 2386 551 2421 sensui
579 2388 765 2429 tribuens,
790 2401 905 2436 quam

272 2438 462 2474 rationem
489 2442 684 2489 praeivere
707 2445 904 2484 JensonuS,

273 2492 387 2528 Tarv.
418 2504 456 2529 et
477 2495 597 2531 Aldus
626 2501 724 2541 (no‘n
749 2499 903 2536 Badius,

272 2558 316 2581 ut
343 2560 470 2585 narrat
499 2552 652 2595 Burm.)
677 2554 727 2588 sic
749 2553 906 2588 demum

270 2602 443 2651 intelligi
468 2606 572 2653 poffe
600 2607 744 2650 censet,
771 2620 906 2655 „quae

268 2657 346 2698 „fit
374 2672 502 2695 manus
529 2661 646 2697 lenior
665 2674 731 2699 aut
754 2663 839 2712 quis
862 2662 908 2697 sit

269 2714 562 2760 „promittentis
579 2717 698 2764 gestus
708 2725 748 2759 ;“
778 2715 906 2765 caesim

271 2767 376 2803 euim
398 2769 469 2805 effe
491 2772 696 2821 extrorsum,
719 2786 796 2823 quo
815 2785 906 2821 pro·

968 1448 1052 1483 Nec
1083 1458 1209 1483 tamen
1236 1446 1404 1483 multum
1433 1444 1600 1492 proficio

969 1514 1017 1536 ex
1035 1501 1276 1538 vetustissima
1298 1501 1507 1536 verborum
1520 1497 1599 1533 col-

967 1556 1131 1597 latione,
1160 1556 1231 1591 ubi
1261 1555 1310 1590 est
1340 1554 1600 1590 corrotundant

965 1612 1066 1647 velut
1095 1609 1243 1659 caesim,
1283 1620 1320 1645 et
1345 1608 1597 1657 comparatio-

965 1667 1023 1701 nis
1050 1666 1167 1701 index
1195 1664 1382 1714 particula
1413 1663 1597 1700 adverbio

967 1720 1098 1769 caesim
1117 1720 1337 1768 affignatur,
1367 1733 1448 1755 non
1472 1718 1596 1755 verbo

967 1776 1238 1811 corrotundare.
1326 1778 1599 1820 ,Praeterquam

968 1832 1068 1867 enim
1098 1829 1204 1878 quod
1230 1829 1395 1866 sanitatis
1422 1828 1530 1863 illius
1561 1837 1599 1863 et

966 1886 1178 1922 sobrietatis
1218 1885 1288 1921 effe
1318 1898 1397 1920 non
1419 1883 1599 1924 videtur,

969 1940 1254 1988 Quintilianum
1285 1939 1470 1979 decentis,
1496 1937 1598 1973 inso·
1650 1958 1654 1960 -

965 1996 1106 2032 lentius
1135 1996 1212 2032 hoc
1240 1995 1404 2031 verbum
1432 1993 1509 2028 [ine
1526 1991 1595 2034 ali-

967 2066 1041 2100 qua
1080 2036 1286 2086 mollieniii
1332 2047 1499 2085 formula
1537 2047 1595 2082 di-

964 2109 1139 2148 mittere,
1198 2106 1397 2154 quomodo
1443 2102 1594 2139 tandem

965 2162 1096 2211 caesim
1127 2160 1277 2210 aliquid
1307 2158 1593 2198 coi-rotundetur,

962 2231 1100 2267 parum
1129 2218 1314 2266 affequor.
1340 2246 1343 2247 γ
1384 2213 1499 2263 Quod
1525 2212 1594 2248 ali-

965 2284 1150 2322 quatenus
1177 2273 1255 2308 hue
1281 2271 1414 2312 faciat,
1442 2267 1593 2317 reperio

961 2329 1131 2364 nostrum
1175 2329 1220 2363 in
1266 2326 1593 2374 enthymematum

962 2385 1186 2419 tractatione
1216 2392 1433 2421 caventem,
1462 2390 1508 2411 ne
1531 2375 1591 2409 ni-

959 2440 1038 2474 mia
1063 2451 1197 2474 eorum
1216 2434 1461 2472 multitudine
1480 2430 1591 2480 stipe-

960 2504 1024 2529 tur
1043 2494 1167 2528 oratio
1196 2499 1231 2535 5,
1265 2494 1325 2532 14,
1355 2496 1420 2530 50.
1448 2485 1518 2521 ubi
1542 2484 1590 2519 est

963 2548 1086 2584 oratio
1119 2542 1454 2587 „conclusionibus
1475 2541 1588 2576 certis

961 2614 1026 2645 „et
1044 2602 1198 2641 crebris,
1219 2610 1256 2636 et
1273 2598 1315 2633 in
1337 2610 1452 2632 unam
1469 2608 1592 2644 prope

961 2658 1148 2700 „formam
1160 2653 1392 2692 cadentibus,
1411 2650 1592 2699 concisa-‘⁶

962 2715 1023 2749 Sic
1043 2722 1079 2747 et
1100 2723 1136 2759 9,
1158 2717 1196 2757 4,
1223 2708 1311 2744 126.
1333 2706 1462 2756 caesim
1485 2706 1589 2740 idem

960 2770 1040 2806 fere
1059 2767 1108 2803 est
1127 2765 1233 2816 quod
1249 2763 1484 2800 membratim.
1503 2761 1590 2802 Jam
