1676 3028
295 217 460 270 INS'r.
496 217 775 270 ORATOR.
811 216 933 264 Lm.
961 216 1080 273 XII.
1110 220 1159 271 δέ
1297 226 1400 273 675

61 326 186 406 snos
225 345 437 408 iubent:
490 361 811 410 quanquam·
832 343 1013 394 minus
1046 343 1175 396 mali
1209 339 1309 402 est,
1356 341 1403 392 [i

60 425 148 485 illi
183 421 364 473 saltem
400 433 541 472 recte
580 420 806 480 discant,
865 431 1119 485 ,reeteque
1160 419 1400 475 doceant.

59 500 166 560 Sed
203 501 326 567 quis
365 498 525 549 discet
561 510 677 553 tam*
704 499 839 548 bene
854 536 886 557 „
906 514 1069 564 quam
1106 498 1400 565 patronus?

21 594 39 603 ·
59 577 350 648 Quomodo
389 588 567 628 autem
605 574 865 641 sequester
898 576 1009 634 ille,
1045 585 1098 624 et
1137 574 1317 626 media
1330 575 1402 625 liv

58 657 199 712 tium
235 672 450 712 manus,
502 665 555 703 et
594 652 813 720 quidam
852 654 1140 719 interpres,
1192 654 1402 718 impen-v

60 731 152 782 det
189 749 361 798 aequo
401 733 579 788 animo
618 731 856 781 laborem
904 732 964 780 in
1002 730 1198 780 alienas
1237 730 1405 783 actio-

58 826 183 868 nes,
222 826 347 860 cum
378 808 602 859 dicturis
630 809 761 858 tanti
786 806 917 861 ,suae
946 825 1064 863 non
1095 805 1202 857 sint
1215 809 1243 856 ’ἔ
1286 805 1402 856 Pes-
1432 828 1458 868 5

57 884 218 936 limae
250 903 379 936 vero
417 884 841 944 consuetudinis,
899 885 1098 935 libellis
1140 882 1239 933 effe
1278 901 1405 934 con-

57 973 295 1023 tentum,
361 980 498 1028 quos
543 964 818 1029 componit
855 972 944 1012 aut
976 962 1243 1028 litigator,
1309 961 1407 1027 qui

56 1038 307 1106 confugit
329 1038 396 1088 ad
419 1049 724 1106 patronum,
748 1039 874 1104 quia
900 1040 986 1088 liti
1018 1037 1129 1104 ipse
1153 1056 1270 1089 non
1294 1036 1406 1088 suf-

54 1114 199 1168 ficit:
242 1127 333 1167 aut
360 1117 552 1182 aliquis
581 1131 645 1164 ex
675 1132 741 1163 eo
778 1132 971 1181 genere
1002 1116 1407 1174 advocatorum,

56 1195 157 1259 qui
188 1192 240 1243 se
274 1211 388 1244 non
414 1190 557 1260 poffe
593 1209 745 1258 agere
779 1191 1110 1243 confitentur
1123 1207 1141 1252 ‚‘
1206 1192 1407 1242 deinde

58 1268 264 1322 faciunt
284 1270 349 1326 *id
377 1269 528 1335 quod
562 1268 635 1318 eft
664 1271 722 1317 in
758 1271 962 1335 agendo
997 1267 1405 1320 difficillimum.

58 1346 203 1396 Nam
234 1348 332 1412 qui
359 1346 610 1408 judicare,
639 1345 780 1410 *quid
812 1347 1093 1406 dicendum,
1136 1347 1273 1412 quid.
1305 1348 1358 1394 di
1386 1374 1412 1387 -

0 1419 418 1497 ³¹78fim‘z'clarfzdum,
457 1421 592 1489 quid
615 1422 987 1485 declinandum,
1019 1425 1411 1484 mutandumve,

167 1603 207 1646 4.
229 1597 269 1649 fi
297 1600 378 1648 qun’s
405 1595 519 1649 ‹iffi-et
540 1597 675 1635 Turio.
721 1599 908 1650 quomodo
933 1607 1000 1635 aut
1015 1598 1097 1650 seq.
1131 1600 1268 1637 Turio.
1283 1599 1409 1636 Loco

46 1651 167 1694 'vocis
198 1658 338 1706 interpr
339 1669 376 1691 es
401 1655 632 1704 c'ompendia
664 1657 852 1706 quaedam
884 1657 1044 1694 obscura
1073 1658 1115 1693 in
1146 1657 1254 1694 Flor.

167 1718 248 1747 curn
293 1711 444 1748 dicturis
490 1714 589 1748 tanti
614 1712 711 1761 suae
753 1727 829 1749 non
852 1713 946 1762 snt
1017 1715 1131 1750 Hanc
1168 1714 1410 1749 veriss'imam

55 1768 286 1816 scripturam
312 1767 503 1804 dederunt
533 1769 675 1816 optimi
711 1770 824 1805 codd.
859 1769 995 1805 Turio.
1028 1769 1135 1806 Flor.
1176 1782 1267 1804 cum
1299 1769 1406 1805 Alm.

56 1818 174 1860 Rern.
217 1820 292 1859 nifi
333 1824 440 1872 quod
477 1825 521 1859 in
553 1825 736 1861 omnibus
768 1825 819 1860 est
841 1825 907 1875 sic,
940 1836 979 1861 et
1009 1839 1058 1862 ex
1087 1825 1192 1860 Alm.
1226 1837 1266 1861 et
1291 1828 1410 1860 Bern-

59 1879 220 1916 affertur
249 1879 423 1915 dicturus.
456 1881 489 1915 E
518 1881 623 1918 Voff.
654 1890 691 1924 5.
725 1897 755 1917 c.
788 1882 948 1918 dicturus
974 1883 1090 1918 tantis
1111 1880 1178 1930 sic.
1220 1880 1409 1917 Aliorum

58 1935 257 1974 librorum
287 1937 438 1985 (Camp.
461 1935 579 1973 Goth.
603 1937 708 1975 Voff.
733 1939 791 1984 2.)
818 1939 1006 1987 scriptura
1035 1951 1117 1972 cum
1139 1938 1304 1974 dicturus
1323 1951 1408 1973 vere

57 2006 136 2036 non
157 1991 212 2042 fit
242 2003 328 2029 nata
362 1992 410 2028 est
443 1993 536 2029 inde
570 1993 675 2028 haud
707 1994 847 2036 dubie,
902 1995 1010 2043 quod
1041 1996 1141 2029 canei
1158 1993 1229 2044 sue
1259 1995 1409 2030 abierat

58 2049 106 2085 in
133 2052 303 2089 tantisve,
335 2059 373 2085 et
406 2062 502 2085 mox
533 2048 638 2085 illud
663 2050 779 2092 etiam
811 2053 924 2087 tantis
956 2051 1041 2100 post
1073 2051 1226 2086 dicturis
1255 2051 1305 2089 ob
1334 2051 1409 2086 ho·

59 2105 355 2142 moeoteleuton
387 2107 571 2142 omiss'um
602 2117 692 2142 erat.
735 2108 909 2144 Tandem
930 2107 1165 2144 adverbium
1186 2107 1303 2143 etiam
1322 2120 1410 2143 vero

60 2175 83 2197 ι
104 2173 323 2198 correctore
355 2163 525 2210 quodam
550 2173 746 2199 mutatum
769 2165 838 2200 est:
876 2164 1022 2213 reliqui
1049 2165 1156 2199 enim
1178 2177 1312 2200 omnes
1331 2164 1408 2200 ita:

59 2231 144 2253 cum
173 2220 336 2254 dicturus
361 2218 437 2267 ipse
465 2233 539 2255 non
563 2218 642 2267 sit‚·
691 2220 835 2269 quibus
866 2221 998 2258 verbis
1028 2222 1162 2269 inepta
1194 2221 1412 2256 admodum

59 2273 157 2309 inest
184 2273 371 2324 repetitio
406 2276 512 2322 ejus,
543 2276 651 2324 quod
683 2290 758 2312 una
795 2290 877 2313 vox
900 2278 1044 2313 alienas
1072 2279 1151 2324 jam
1182 2276 1410 2312 absolverat.

57 2329 190 2366 Nemo
214 2342 356 2372 autem,
389 2332 543 2380 opinor,
574 2332 728 2369 haereat
753 2334 794 2369 in
822 2333 968 2383 plurali
993 2335 1158 2375 dicturis,
1187 2345 1277 2368 cum
1298 2345 1410 2382 prae·

61 2385 172 2423 cedat:
196 2386 338 2422 alienas
373 2390 547 2423 acciones.

175 2450 213 2488 5.
242 2444 343 2493 quod
367 2445 561 2481 dicendum
581 2446 714 2484 Turio.
834 2448 1049 2485 mutandum
1072 2448 1186 2483 etiam
1198 2445 1254 2496 sit
1270 2446 1409 2483 Turio.⁴

91 2594 129 2633 4.
151 2590 519 2628 media—manus.v.
538 2602 703 2637 11,2,5.
760 2593 892 2642 letque
923 2603 1071 2633 tamen,
1118 2593 1236 2629 nihilo
1263 2595 1408 2629 minus.-

93 2651 130 2688 5.
205 2646 348 2684 deinde.
396 2651 512 2684 Recte
551 2650 703 2690 Gesner,
759 2651 840 2686 vid.
862 2651 909 2686 ad
931 2656 970 2694 8,
998 2650 1036 2698 6,
1059 2659 1125 2694 52.

60 2697 130 2735 hio
161 2702 274 2739 etiam
304 2705 486 2740 admonet
505 2706 633 2753 graeci
653 2701 702 2740 εἷ·
815 2707 1086 2742 declinandum.
1118 2706 1146 2743 i.
1173 2705 1335 2743 mollius
1362 2707 1407 2742 si-

61 2769 120 2798 n,
152 2758 261 2807 quod
285 2760 526 2810 objmgantis
560 2762 610 2797 est
637 2774 703 2799 va
757 2763 1047 2811 gnificandum.
1085 2763 1136 2800 ob
1165 2764 1410 2814 asperitatem.
