1676 3028
254 181 347 231 37·ss
507 172 509 175 ·
542 174 627 241 Μ.
663 176 794 222 FAB.
832 175 1239 236 omN'rmtANt

253 313 408 362 quam
444 298 580 346 veris
620 297 837 347 moveri.
909 299 990 346 Sic
1030 293 1176 349 vehit
1216 300 1394 351 ‘media
1429 316 1551 361 vox,

250 387 406 437 quem
426 373 663 420 habitum
686 390 714 420 a
731 371 915 421 nostris
937 376 1186 439 acceperit
1199 411 1213 432 ‚
1249 377 1391 432 huno
1412 377 1551 437 iudi-

248 465 369 497 cum
389 449 572 496 animis
593 446 747 495 dabit.
804 446 888 495 Est
909 449 1050 496 enim
1073 451 1258 500 meniis'
1275 453 1456 510 index,
1493 469 1550 499 ac

171 532 222 578 65
246 522 486 579 totidem,
519 532 650 586 quot
677 522 781 580 illa,
812 525 1125 590 mutationes
1154 515 1321 574 habet.
1369 530 1549 591 Itaque

245 599 393 647 laetis
427 599 484 644 in
508 598 666 646 rebus
698 598 853 660 plena
882 609 932 646 et
945 594 1172 669 simplex
1202 611 1252 648 et
1283 600 1389 666 ipsa
1414 599 1550 664 quo-

242 671 523 722 dammodo
565 671 741 720 hilaris
772 671 916 721 fluit:
968 675 1025 721 in
1064 677 1339 723 certamine
1381 687 1545 724 erecta

239 749 361 798 totis
397 748 622 804 viribus,
658 757 707 794 et
732 749 880 797 velut
913 749 1156 798 omnibus
1185 751 1358 799 nervis
1376 752 1633 811 inten-mm

238 823 396 873 ditur.
473 822 650 873 Atrox
677 824 735 871 in
765 825 865 882 ira,
910 835 960 872 et
987 821 1175 895 aspera
1207 843 1263 874 ac
1292 821 1462 897 densa,
1495 836 1547 874 et

235 999 342 1035 quam
359 985 490 1022 Ambr.
508 995 541 1022 2.
566 996 650 1022 tam.
672 985 774 1020 Flor.
790 986 967 1030 judicium
985 1000 1056 1036 pro
1072 988 1247 1032 judicum.
1491 993 1546 1026 in·

233 1041 315 1083 dex,
337 1056 390 1078 ac.
421 1042 481 1076 Sic
493 1042 620 1077 Turio.
642 1041 731 1086 (nifi
753 1041 857 1088 quod
871 1042 999 1085 judex,
1029 1053 1073 1078 ut
1093 1053 1128 1078 et
1141 1042 1266 1082 Guelf.
1281 1044 1428 1093 Camp.)
1442 1037 1545 1083 Flor}

230 1096 364 1132 Ambr.
390 1107 424 1133 2.
460 1096 583 1133 Guelf.
607 1109 693 1131 cum
710 1095 810 1131 Alm.
824 1097 923 1133 Voss'.
950 1110 983 1133 1.
1003 1106 1040 1140 5.
1058 1097 1157 1133 velut
1175 1100 1357 1147 qxemplar
1371 1114 1413 1134 ac
1426 1099 1545 1137 Goth.

219 1151 320 1199 (nisi
339 1152 443 1200 quod
463 1158 505 1186 ac
522 1152 676 1187 videtur
697 1151 890 1198 omittere)
907 1153 1003 1190 Jens.
1025 1163 1061 1188 et
1081 1152 1163 1188 edd.
1186 1154 1340 1201 posterr.
1361 1165 1444 1190 ante
1455 1154 1542 1193 Ald.

229 1206 389 1255 Reliqui
426 1209 448 1242 ι’.
483 1215 519 1242 et
548 1207 646 1242 velut
677 1207 859 1253 exemplar
885 1220 945 1246 ac,
975 1217 1019 1242 ut
1038 1217 1074 1242 et
1096 1208 1222 1261 camp?
1244 1210 1313 1256 qui
1333 1221 1426 1244 mox
1445 1210 1542 1258 quod

230 1262 299 1296 illa
327 1275 415 1297 cum
434 1261 535 1298 Flor.
567 1261 699 1298 Ambr.
723 1273 760 1297 2.
790 1261 924 1296 habens
948 1261 1064 1298 Goth.
1089 1264 1186 1308 (tac.
1207 1263 1346 1310 GeL'n.)
1368 1266 1539 1301 mutatio-

229 1330 275 1352 ne
302 1317 405 1353 Flor.

312 1405 374 1449 65.
385 1407 496 1454 plena
506 1414 541 1441 et
550 1404 676 1454 fimpl-
687 1414 733 1440 et.
748 1405 875 1440 Turio.
889 1406 916 1439 F
919 1403 990 1440 lor.
1003 1405 1111 1452 plene
1111 1404 1145 1454 s
1158 1419 1197 1451 e„
1206 1407 1331 1445 Guelf.
1344 1408 1454 1455 plena
1465 1405 1537 1456 etfi

227 1459 386 1508 Reliqui
401 1461 548 1510 plenas
562 1475 591 1496 e.
627 1461 807 1496 Nostrum
829 1473 848 1494 e
868 1461 1096 1506 conjectura.
1143 1461 1301 1511 Ideoque
1316 1475 1387 1511 pro
1409 1465 1540 1510 ltaque

228 1514 353 1551 Guelf.
382 1529 468 1551 cum
488 1529 606 1563 marg.
630 1515 740 1550 Bafil.
982 1513 1093 1560 fluit.-
1125 1517 1172 1550 in.
1207 1516 1268 1551 Sic
1287 1517 1415 1553 Turic.
1433 1517 1538 1558 Flor-

226 1567 356 1618 Camp.
385 1570 544 1618 Reliqui
560 1571 730 1606 inserunt
750 1577 800 1604 ae.
834 1570 962 1618 Camp.
979 1567 1123 1618 accensa
1143 1583 1215 1619 pro
1235 1585 1278 1607 ac
1297 1570 1418 1619 densa.
1438 1571 1533 1610 Obr.

220 1726 348 1749 rerum.
380 1714 426 1748 cf.
452 1725 513 1754 10,
536 1723 581 1755 7„
597 1718 655 1755 ²5·
675 1712 764 1748 bene
786 1726 850 1748 au·
906 1711 1063 1760 publico
1093 1712 1199 1748 tritas
1223 1713 1353 1754 fuiffe,
1394 1715 1455 1750 red
1474 1715 1536 1753 lu·

219 1777 296 1803 tem
327 1768 469 1804 dicitur
495 1780 566 1816 pro
603 1767 740 1815 probe,
785 1781 851 1803 na·
908 1767 1002 1802 ctari
1046 1767 1330 1814 quodammodo
1366 1769 1537 1829 noffrum

218 1824 322 1859 viter.
908 1834 993 1856 cum
1015 1821 1146 1869 lingua
1164 1821 1301 1863 latina,
1331 1834 1376 1858 ut
1394 1825 1453 1859 rei
1470 1838 1536 1874 pa.

273 1879 373 1915 velut
391 1878 522 1914 media.
553 1878 600 1913 cf.
627 1891 687 1920 ιι,
711 1888 748 1920 2,
770 1887 807 1922 5.
905 1890 991 1911 rum
1009 1877 1222 1913 manifestae
1249 1891 1318 1913 nec
1335 1878 1405 1917 nisi
1425 1893 1536 1942 'eleg-re

905 1942 1012 1967 notas
1041 1932 1293 1973 admittentis,
1335 1933 1455 1980 quahs
1486 1936 1536 1970 est

273 1989 336 2034 65.
366 1990 487 2036 plena.
531 1989 609 2025 Etsi
643 2002 721 2025 non
745 1988 846 2024 mul·
901 2000 1000 2026 VOX,
1051 1987 1237 2022 vocabula
1272 1988 1343 2023 fibi
1377 1987 1534 2036 praestet

214 2055 296 2082 tum
327 2046 392 2081 hic
417 2045 553 2084 video,
593 2044 693 2080 subit
721 2055 845 2079 tamen
900 2042 1176 2090 fignificantia;
1198 2055 1292 2090 quae
1310 2043 1391 2078 sane
1413 2053 1531 2081 tranu-

214 2114 406 2150 quaerere,
428 2115 474 2135 an
486 2100 584 2135 forte
604 2100 719 2147 plana
736 2112 844 2146 repo·
900 2096 973 2132 lata
1004 2097 1074 2132 effe
1103 2107 1278 2145 oportet,
1310 2109 1397 2133 cum
1423 2113 1532 2148 prae-

213 2155 410 2192 nendum?
443 2156 489 2191 cf.
515 2167 551 2202 9,
584 2160 623 2200 4,
648 2161 710 2200 54.
771 2155 845 2190 Sed
899 2153 1026 2188 sertim
1057 2151 1158 2187 leves
1190 2153 1303 2188 etiam
1332 2154 1413 2199 ejus
1445 2168 1530 2190 um-

211 2210 316 2246 nihil
328 2211 489 2247 solicito.
513 2210 602 2246 vide
617 2211 719 2245 enim
729 2213 761 2257 §.
781 2216 842 2253 15.
900 2208 988 2244 brae
1008 2207 1205 2256 fignandae
1232 2208 1314 2244 sint.
1372 2208 1530 2258 Densum

218 2265 310 2308 167.
899 2263 1022 2310 igitur
1033 2275 1168 2297 vocem
1183 2275 1337 2310 oppono
1361 2264 1408 2305 ei,
1432 2277 1528 2312 quae

267 2320 387 2370 densa.
414 2321 599 2359 Videntur
619 2321 660 2355 in
681 2319 756 2355 hoc
775 2331 843 2355 vo·
900 2319 1088 2353 hilaritate
1107 2318 1209 2364 quasi
1223 2317 1529 2365 diffunditur‚nee

211 2376 265 2410 cis
283 2377 453 2424 apposito
486 2376 636 2411 haefiffe
655 2374 843 2425 plerique.
898 2373 1030 2411 valde,
1059 2380 1103 2407 ut
1129 2372 1311 2408 diversam
1332 2373 1377 2409 ab
1397 2374 1527 2423 aspera

210 2431 318 2477 quod
337 2431 537 2467 ostendunt
549 2431 738 2468 variantes
756 2430 841 2465 scri·
899 2429 1086 2464 ostendam
1102 2451 1113 2468 ,
1170 2426 1317 2464 laboro.
1393 2428 1526 2464 Solent

207 2495 354 2533 pturae.
413 2486 529 2526 Mihi,
557 2497 602 2522 ut
619 2487 728 2535 supra
748 2498 841 2533 quo·
899 2484 1001 2519 enim
1032 2482 1123 2517 haee
1150 2483 1304 2518 nomina
1327 2483 1523 2531 conjungi,

209 2551 283 2587 que
319 2541 454 2577 monui
487 2542 532 2576 ad
563 2545 595 2588 §.
617 2547 683 2587 40.
711 2551 840 2576 tenen·
895 2551 1039 2586 neque,
1069 2537 1112 2572 id
1133 2537 1236 2584 quod
1256 2535 1357 2576 dixi,
1387 2536 1521 2573 herba-

209 2594 299 2629 dum
320 2597 496 2638 videtur,
527 2597 593 2633 has
615 2595 837 2645 appellatio-
893 2607 979 2629 rum
1020 2593 1122 2640 quasi
1148 2591 1313 2638 peritum
1349 2591 1414 2626 hic
1444 2593 1523 2640 agit

208 2661 275 2685 nes
294 2661 374 2686 non
389 2652 508 2700 vulgo
530 2653 674 2701 agnitas
693 2652 836 2699 usuque
895 2650 969 2697 Qu.
1002 2647 1071 2696 qui
1099 2656 1216 2682 certas
1244 2658 1292 2682 ex
1318 2657 1394 2684 arte
1411 2658 1520 2684 notas
