1696 3016
389 167 553 212 INST.
599 164 878 211 ORATOR.
926 164 1048 211 Lm.
1095 165 1167 221 x,
1217 177 1259 210 1.
1431 178 1494 223 22

142 291 292 341 dius:
344 301 395 340 et
421 308 520 356 pro
550 278 760 340 Milone
795 291 1089 340 orationem
1121 293 1312 341 Brutus
1348 307 1493 341 exer-

118 355 402 418 ‘citationis
442 369 603 434 gratia
649 365 870 432 scripsit,
931 366 1128 416 etiamsi
1172 366 1325 434 egisse
1365 385 1492 418 eum

138 446 420 495 Cornelius
446 442 625 494 Celsus
647 442 776 493 falso
798 443 1066 493 existimat.
1147 448 1212 494 Et
1236 445 1409 495 Pollio
1441 455 1493 493 et
1514 462 1567 500 24

49 520 352 571 884Meffala
384 520 739 570 defenderunt
770 521 1011 580 eosdem,
1044 533 1096 570 et
1131 522 1287 571 nobis
1310 523 1491 588 pueris

134 587 366 664 insignes
399 615 497 664 pro
528 596 795 647 Voluseno
829 599 1047 657 Catulo,
1094 600 1325 647 Domitii
1356 598 1489 657 Afri,

139 674 310 741 Crispi
338 675 574 732 Passieni,
613 675 824 724 Decimi
856 677 1023 728 Laelii
1056 677 1320 726 orationes
1353 673 1490 724 fere-

135 751 345 807 bantur,
382 741 393 748 ”
437 754 629 818 Neque
660 751 718 800 id
755 750 926 801 statim
959 753 1156 818 legenti
1186 751 1489 819 persuasum

136 825 219 887 fit,
280 830 483 888 omnia,
540 845 675 893 quae
726 829 905 895 magni
955 841 1192 879 auctores
1241 829 1489 889 dixerint,

138 992 200 1017 ιι.
237 979 366 1016 Guelf.
399 981 516 1018 Goth.
560 981 659 1026 (tac.
694 981 838 1026 Gesn.)
881 982 1014 1032 Camp.
1049 984 1207 1024 Caliclii,
1256 983 1318 1019 sed
1352 983 1484 1019 Turio.

134 1037 258 1073 calidi.
327 1038 431 1074 Flor.
460 1038 599 1073 callidi.
665 1038 850 1087 Denique
884 1048 952 1081 12,
990 1053 1059 1078 10,
1100 1049 1164 1087 59.
1212 1038 1316 1075 Flor.
1354 1039 1482 1076 Guelf.

132 1093 251 1129 Goth.
284 1093 384 1142 (tac.
414 1095 556 1139 Gesn.)
589 1094 700 1132 colb.
735 1096 909 1135 Calidi0‚·
943 1097 1075 1132 Turio.
1109 1109 1187 1131 non
1218 1106 1482 1137 memoratur-3

128 1148 320 1188 Ambroff.
353 1151 432 1188 duo
465 1149 650 1187 deficiunt
679 1152 721 1186 iu
754 1152 815 1188 his
848 1153 1053 1193 extremis3
1087 1151 1171 1188 edd.
1198 1152 1268 1188 fibi
1287 1165 1367 1188 non
1391 1163 1483 1187 cou-

130 1204 238 1242 stant.
459 1217 495 1242 et
511 1222 580 1255 pro
599 1209 695 1244 Mil.
727 1209 844 1245 Goth.
868 1209 1031 1247 omittit.
1256 1207 1368 1258 egiffe
1387 1222 1480 1245 eum.

127 1261 232 1298 Flor.
254 1276 284 1299 e.
311 1277 405 1303 eam.
534 1262 536 1265 ’
1101 1271 1104 1276 “
1126 1276 1134 1285 ¹

212 1329 277 1363 24.
310 1330 347 1356 et
376 1320 492 1371 Meffi
552 1321 615 1357 Sic
642 1320 775 1357 Tui-ic.
809 1319 912 1356 Flor.
936 1320 1063 1360 Guelf.
1087 1322 1219 1370 Camp.
1241 1321 1360 1357 Goth.
1381 1322 1480 1360 Jens.

130 1378 219 1419 (tac.
241 1377 374 1421 Gesu.)
395 1391 483 1413 cum
508 1377 593 1413 edd.
617 1388 701 1412 ante
723 1376 830 1413 Bam.
871 1377 1031 1427 Reliqui
1051 1393 1092 1412 ac
1112 1378 1175 1413 M.
1323 1375 1483 1427 insignes

126 1445 208 1480 pro.
267 1434 399 1471 Turio.
421 1435 524 1470 Flor.
548 1433 677 1469 Guelf.
699 1435 831 1481 Camp·
855 1433 974 1469 Goth.
998 1435 1096 1472 Jens.
1120 1436 1208 1479 (tac.
1227 1435 1364 1480 Gesn.)
1383 1435 1480 1469 infe-

119 1487 220 1524 >runt
241 1499 281 1525 at
299 1501 388 1525 cum
407 1491 513 1527 Voss‘.
529 1501 564 1526 2.
587 1501 624 1526 et
644 1489 730 1525 edd.
752 1501 837 1525 ante
852 1488 938 1526 Ald.
986 1490 1058 1525 Sed
1072 1489 1164 1525 Bad.
1183 1504 1242 1539 pr.
1266 1499 1348 1530 tres,
1372 1490 1481 1538 quod

125 1543 170 1580 in
191 1545 289 1582 Vall.
321 1548 532 1597 repositum
563 1557 702 1586 narrat.
760 1547 944 1584 Vidimus
974 1556 1015 1582 αι
1044 1546 1102 1591 (5,
1132 1560 1193 1585 10,
1217 1549 1274 1594 9.)
1293 1559 1478 1595 compen-

127 1601 195 1638 dio
218 1603 334 1639 scribi
362 1616 435 1652 pro
473 1604 567 1642 alia,
615 1604 736 1643 aliae,-
783 1601 861 1639 hoc
894 1614 1022 1640 autem
1057 1602 1311 1639 librariorum
1344 1616 1477 1639 errore

125 1654 320 1695 interduxi}
351 1661 551 1696 succedere
579 1660 671 1704 vogi
694 1661 781 1695 illae
803 1663 860 1704 (5,
888 1665 950 1704 14,
975 1660 1071 1706 29.).
1133 1663 1192 1695 An
1211 1660 1336 1708 igitur
1357 1659 1478 1695 fuerit

124 1713 190 1750 hic
212 1714 330 1751 illae?
361 1726 405 1751 ut
430 1715 701 1764 intelligantur
722 1714 1032 1751 celebratissimae
1059 1715 1245 1764 quaedam
1267 1714 1476 1757 orationes,

123 1781 237 1807 notae
273 1771 500 1809 lectoribus.
570 1773 820 1821 Supprimere
851 1784 1015 1812 vocem,
1057 1773 1163 1823 quod
1195 1772 1288 1808 fecit
1316 1772 1475 1820 Regius,

122 1828 267 1863 nimiae
294 1828 452 1867 videtur
480 1828 661 1864 levitatis.
884 1829 1023 1876 magni.
1080 1829 1211 1864 Turio.
1232 1829 1346 1864 omni.
1369 1827 1474 1865 Flor.

123 1880 253 1922 om'nis.
284 1898 304 1921 a
322 1885 391 1921 sec.
411 1898 463 1922 m.
485 1896 648 1933 uterque
670 1898 805 1924 omnes,
830 1895 867 1920 et
890 1886 936 1920 fic
956 1883 1083 1920 Guelf.
1098 1885 1230 1934 Camp.
1253 1897 1341 1920 cum
1354 1884 1474 1920 Goth.

119 1939 227 1978 Voss'.
247 1952 283 1978 2.
328 1941 449 2033 Col*
473 1952 511 1978 et
541 1941 626 1977 edd.
655 1951 740 1976 ante
771 1940 881 1979 Bafil.
940 1941 1106 1989 Egregia
1142 1941 1412 1978 emendatione
1437 1951 1476 1976 et

119 1993 188 2031 hic
215 1997 391 2046 profecto
453 1997 629 2034 hilauder
659 1998 830 2046 reposuit
855 2009 994 2034 verum
1011 2024 1022 2038 ,
1056 1997 1166 2043 cujus
1188 1997 1329 2032 semina
1345 1996 1387 2031 in
1407 2009 1473 2031 ve·

121 2052 316 2096 tqffiffima
338 2054 534 2103 scriptura.
575 2053 711 2090 Nihili·
729 2054 834 2089 enim
855 2067 952 2102 quae
971 2066 1044 2102 pro
1065 2052 1185 2088 altero
1204 2063 1318 2100 urget
1335 2053 1472 2088 Burm-

122 2119 342 2158 quanquam
376 2110 594 2159 praeferens
634 2110 818 2148 nostrum.
893 2111 1042 2146 Levius
1089 2109 1195 2156 quod
1226 2104 1472 2145 vetustiffimi

122 2161 202 2200 duo
235 2160 254 2200 ὲ
282 2179 341 2214 pr.
371 2179 424 2202 m.
457 2168 638 2206 auctoris,
660 2176 707 2200 ·et
724 2167 857 2202 Turio.
883 2167 1031 2201 dixerit.
1092 2164 1212 2202 Goth.
1242 2165 1342 2204 Jens.
1365 2164 1466 2215 (tac.

121 2218 255 2266 Gesn.)
276 2221 448 2257 dixerunt
463 2234 551 2257 cum
572 2221 656 2257 edd.
678 2221 837 2268 posterr.
859 2233 944 2261 ante
962 2221 1072 2259 Bafil.

174 2367 243 2403 pro
277 2354 671 2391 Milone—Brutus.
712 2353 760 2390 cf.
856 2360 940 2398 ‘212-
980 2353 1035 2389 Et
1065 2352 1188 2390 Pollio
1218 2361 1255 2388 et
1285 2350 1465 2402 Meffala.

120 2417 159 2455 3,
181 2411 217 2454 6,
241 2420 305 2460 93.
335 2411 378 2447 it.
396 2422 573 2459 prooem.
595 2409 684 2446 Vol.
707 2411 758 2446 11.
818 2411 1000 2460 Suspicor
1040 2419 1077 2446 et
1098 2429 1154 2438 -·
1175 2417 1213 2446 et
1240 2409 1390 2445 dietum
1421 2418 1467 2445 ut

117 2480 155 2516 p.
187 2467 223 2503 6.
283 2468 444 2502 Attende
474 2465 624 2503 Celsum
650 2466 692 2501 in
713 2479 758 2502 eo
818 2475 1093 2517 tam—quam.

119 2534 320 2563 errantem,
344 2523 451 2571 quod
471 2523 707 2559 satisnotum
722 2524 760 2558 ei
875 2523 1034 2574 insignes
1057 2536 1140 2573 pro.
1172 2522 1219 2558 cf.
1241 2531 1323 2558 not.
1348 2521 1434 2558 crit.

116 2579 228 2615 fuiffe
273 2578 388 2615 nobis
428 2578 558 2616 videri
595 2587 759 2628 poterat.
862 2579 1092 2628 ferebantur.
1170 2578 1277 2614 Huic
1338 2577 1462 2614 verbo

117 2634 307 2672 Pedianus
342 2635 473 2684 v:idem
524 2636 632 2683 quod
684 2637 757 2683 Qu.
818 2649 899 2672 non
959 2637 1094 2684 utique
1141 2635 1238 2671 inest
1294 2633 1464 2670 falsitatis

118 2702 256 2728 narrat.
816 2692 1076 2733 infimulati03
1125 2692 1175 2730 cf.
1214 2704 1286 2733 xo,
1318 2701 1362 2738 7,
1396 2698 1462 2734 50.
