1676 3028
325 278 422 326 514
637 269 712 314 M.
750 270 883 315 FAB.
920 267 1330 327 QUINTlLIANI

327 392 449 441 dem
478 390 594 439 satis
625 392 849 455 peritum
869 383 1016 447 sore,
1063 389 1158 452 qui
1195 404 1306 438 non
1339 398 1391 437 et
1420 399 1630 439 naturae

328 469 441 517 vim
489 482 700 516 omnem
745 460 952 529 penitus
988 463 1344 529 perspexerit‚-
1376 474 1428 512 et
1460 475 1632 514 m'ores

285 564 311 601 5
330 542 613 609 praeceptis
636 552 691 587 ac
715 541 914 589 ratione
942 539 1194 588 formarit.
1271 532 1462 603 Neque
1488 541 1635 588 enim

326 615 516 666 frustra
549 617 607 663 in
655 616 809 662 tertio
849 614 915 662 de
956 618 1172 662 Oratore
1217 613 1354 662 libro
1389 616 1451 661 L.-
1493 612 1635 678 Gras-

328 691 414 740 sus
446 700 655 747 cuncta,
693 707 824 754 quae
858 691 921 737 de
952 707 1140 753 aequo,
1169 684 1337 755 justo,
1371 705 1514 744 vero,
1550 685 1635 735 ho-

329 783 419 823 no,
467 765 635 829 deque
678 766 770 822 iis,
809 781 940 829 quae
980 763 1100 812 sunt
1131 773 1306 812 contra
1333 761 1521 827 posita,
1556 761 1636 809 di-

331 851 529 897 cantur,
565 841 775 905 propria
798 838 893 887 effe
919 839 1135 888 oratoris
1152 835 1396 886 affirmat:
1436 853 1493 884 ac
1517 836 1639 902 phi-

330 915 602 981 losophos,
664 932 784 963 cum
819 932 879 962 ea
917 913 1126 962 dicendi
1161 913 1364 961 viribus
1399 922 1642 968 tuentur,

331 994 412 1040 uti
444 991 716 1039 rhetorum
747 991 928 1047 armis,
971 1007 1079 1039 non
1101 988 1219 1036 suis.
1297 986 1441 1036 Idem
1470 997 1642 1035 tamen

333 1066 639 1122 confitetur,
699 1081 755 1112 ea
787 1069 887 1125 jam
921 1063 1017 1112 effe
1051 1082 1077 1111 a
1106 1061 1439 1129 philosophia
1465 1071 1642 1126 peten-

333 1141 426 1198 da,
463 1140 708 1189 videlicet
741 1141 863 1203 quia
896 1140 1057 1204 magis
1083 1139 1208 1186 haec
1238 1138 1319 1185 illi
1352 1135 1562 1184 videtur
1581 1138 1640 1183 in

286 1237 311 1273 6
332 1213 634 1282 poffeffione
666 1231 845 1263 earum
875 1231 1052 1263 rerum
1082 1210 1243 1262 fuiffe.
1321 1213 1456 1260 Hinc
1485 1212 1640 1259 etiam

329 1400 461 1436 Ambr.
496 1409 534 1435 2.
562 1397 653 1447 (nisi
682 1400 789 1448 quod
817 1399 909 1448 pre)
951 1396 1045 1434 Obr.
1074 1405 1283 1446 praevertat
1320 1394 1446 1448 Guqlf.
1483 1404 1641 1432 revertar

330 1454 484 1502 reliqui.
544 1457 618 1491 Pro
647 1456 787 1491 sincera
821 1453 889 1488 illa
927 1454 1132 1501 scriptura,
1183 1465 1294 1500 quam
1327 1462 1364 1486 et
1401 1452 1642 1486 Burmannus

331 1521 461 1544 tuetur
490 1509 537 1543 ad
567 1512 738 1546 Gronov.
771 1520 850 1544 not.
882 1509 924 1543 in
954 1507 1050 1542 Plin.
1084 1514 1148 1552 58,
1181 1514 1218 1550 8.
1247 1506 1441 1553 ablegans,
1472 1505 1640 1540 deseren-

333 1565 375 1598 di
403 1564 558 1598 fuerunt
577 1564 641 1599 vel
662 1564 802 1612 optimi
821 1563 929 1598 codd.
989 1576 1051 1596 nec
1070 1575 1141 1609 pro
1163 1574 1206 1596 ne
1236 1561 1366 1597 Tua-ic.
1389 1560 1492 1595 Flor.
1513 1560 1643 1607 Camp.

325 1618 422 1668 satis
451 1630 527 1654 om.
558 1618 684 1656 Guelf.
736 1617 823 1665 fore
854 1630 930 1653 om.
961 1617 1090 1652 Turio.
1121 1616 1222 1651 Flor.
1247 1616 1376 1664 Camp.
1410 1615 1520 1650 moris
1538 1614 1642 1649 Flor-

333 1687 475 1708 morum
505 1674 633 1721 Camp.
685 1673 867 1721 formaret
894 1673 996 1708 Flor.
1044 1671 1210 1718 firmarit
1239 1669 1354 1706 Goth.
1395 1667 1486 1717 (tac.
1516 1669 1642 1711 Gesn.)

326 1728 498 1775 firmavit
527 1729 658 1776 Camp.
687 1728 734 1762 cf.
770 1740 833 1767 ιο.
869 1742 902 1765 ι,
935 1740 968 1761 ι.
1003 1736 1039 1759 et
1067 1725 1262 1760 Drakenb.
1292 1724 1339 1758 ad
1366 1724 1454 1760 Liv.
1484 1730 1530 1768 8,
1568 1731 1645 1766 55.

335 1795 372 1829 9.
428 1783 503 1819 Hic
541 1783 698 1832 quidem
729 1781 915 1830 formare,
955 1781 1062 1816 tenui
1102 1779 1322 1815 discrimine
1353 1789 1496 1820 tamen,
1534 1791 1639 1828 prae·

334 1838 412 1874 stat.

420 1922 456 1960 5.
497 1916 673 1951 dicantur.
731 1915 793 1950 Sic
824 1914 955 1950 Turio.
984 1911 1086 1948 Flor.
1117 1911 1245 1947 Ambr.
1281 1918 1317 1946 2.
1350 1909 1477 1947 Guelf.
1509 1911 1639 1960 Camp.

332 1983 366 2007 c.
398 1971 494 2007 Obr.
529 1972 695 2006 dicuntur
722 1970 878 2018 reliqui.
924 1967 1122 2016 adfirmata·
1147 1964 1384 2014 philosophos
1411 1966 1541 2003 Turio.
1573 1967 1641 2015 qui

332 2026 510 2068 volebat,
541 2027 702 2075 opinor,
733 2041 768 2062 a.
798 2035 835 2061 et
859 2026 920 2072 ph.
982 2024 1079 2057 Mox
1108 2034 1185 2056 cum
1214 2022 1264 2056 ad
1292 2020 1361 2055 dic.
1385 2021 1516 2059 Turic-
1535 2021 1638 2058 rior.

333 2093 365 2116 c.
393 2081 493 2118 Alm.
551 2084 605 2116 uti
643 2082 826 2118 rhetorum
866 2093 939 2116 om.
979 2077 1084 2115 Flor.
1123 2077 1182 2111 sed
1212 2076 1343 2111 lacuna
1371 2074 1512 2114 relicta.
1563 2078 1645 2121 jam.

332 2135 563 2185 philosophia
600 2137 729 2172 Turio.
770 2135 872 2171 Flor.
915 2139 1159 2182 (quanquam
1197 2132 1242 2167 ab
1279 2131 1356 2165 hoc
1383 2129 1503 2166 abeffe
1534 2145 1557 2167 a
1585 2131 1643 2167 di·

331 2192 425 2226 ferte
462 2204 541 2227 non
579 2193 785 2236 monetur)
825 2192 958 2239 Camp.
992 2201 1022 2224 c.
1055 2187 1154 2223 Alm.
1213 2188 1332 2234 magis
1368 2186 1402 2223 h.
1446 2187 1472 2222 ἱ.
1499 2186 1642 2223 videtur

332 2248 371 2280 1⁰12
404 2258 480 2282 om.
510 2247 640 2283 Turic.
669 2247 772 2282 Flor.
807 2259 840 2283 c.
871 2245 972 2282 Alm.

331 2410 536 2449 utilitatem
574 2412 810 2460 descripserat
849 2415 883 2458 §.
922 2424 953 2446 ι.
1015 2419 1099 2445 cent
1122 2409 1285 2450 Lexica,
1318 2399 1532 2457 quanquam
1558 2406 1640 2442 Ho-

328 2467 427 2502 Illud
438 2467 592 2518 sequens
612 2467 722 2516 plane
745 2467 795 2502 sic
815 2467 958 2503 dicitur
1012 2466 1132 2500 ratius
1151 2466 1227 2511 jam
1245 2463 1372 2513 posuit
1387 2465 1506 2498 Sex-m.
1540 2473 1574 2501 ι.
1601 2469 1638 2504 5,

328 2533 374 2557 ut
392 2529 430 2570 4,
452 2531 487 2567 5,
513 2533 573 2567 13.
602 2525 784 2572 praeverti
813 2523 859 2557 est
888 2536 955 2570 po·
1013 2527 1078 2565 58.

329 2577 445 2626 tiusso
462 2588 675 2616 convertere,
691 2578 796 2625 quod
809 2578 954 2613 Plinio·

325 2643 412 2666 rum
444 2645 603 2682 uterque
634 2627 708 2685 (cf.
738 2643 818 2670 not.
850 2634 955 2678 crit.)
1067 2637 1105 2673 5.
1162 2630 1267 2664 tertio
1296 2628 1341 2664 de
1370 2628 1435 2663 Or.
1459 2627 1564 2662 libro.
1592 2627 1637 2662 C.

323 2687 486 2734 usurpat,
517 2700 554 2724 et
568 2688 722 2724 videtur
739 2687 855 2734 hujus
876 2700 954 2722 ma·
1013 2696 1073 2732 ¹9·
1099 2695 1160 2727 27.
1193 2692 1257 2727 δι.
1289 2683 1480 2732 postremo
1509 2692 1637 2718 tamen

322 2741 426 2778 xime
456 2743 585 2779 aetatis
632 2742 761 2784 tuisse,
800 2752 843 2779 ut
884 2742 952 2778 do·
1008 2740 1184 2776 maxime.
