1676 3028
312 251 409 310 446
628 253 701 297 M.
736 252 867 297 FAB.
904 253 1309 313 QUINTILIANI

312 377 460 436 cujus
494 378 770 423 extremam
807 391 951 422 oram
983 373 1210 434 rejecisse-
1237 392 1347 425 non
1383 375 1608 426 dedecet.

237 462 301 505 141
314 450 518 514 Operiri
540 461 710 498 autem
731 451 1013 498 humerum
1033 467 1151 498 cum
1170 460 1280 499 toto
1300 453 1483 516 jugulo
1501 470 1611 502 non

311 533 538 590 oportet,
585 527 783 589 alioqui
803 527 1019 574 amictus
1042 523 1129 572 fiet
1149 524 1417 589 angustus,
1453 537 1503 574 et
1530 528 1608 575 di-

307 600 580 663 gnitatem,
619 617 750 665 quae
773 598 843 646 est
865 601 921 648 in
940 599 1214 648 latitudine
1238 601 1474 666 pectoris,
1494 618 1608 666 per-

309 674 408 721 det.
488 674 763 723 Sinistrum
794 675 1065 723 brachium
1104 691 1166 724 eo
1191 674 1358 739 usque
1386 676 1611 724 allevan-

306 748 436 797 dum
469 747 565 807 est,
600 761 662 799 ut
694 749 837 814 quasi
863 752 1150 799 normalem
1177 751 1334 799 illum
1359 751 1612 816 angulum

393 865 486 900 141.
528 857 678 906 alioqui.
711 858 842 894 Ambr.
873 867 909 892 2.
950 859 1075 908 aliqui,
1118 857 1243 894 Guelf.
1286 855 1490 906 angustior·v
1521 871 1610 894 cum

302 925 421 959 marg.
459 911 569 948 Bafil.
582 926 592 953 ;

301 970 422 1003 stoer.

648 913 783 961 placet.
814 915 946 949 amictu
972 916 1068 952 Jens.
1098 926 1183 949 cum
1217 913 1300 948 edd.
1331 908 1486 961 posterr.
1526 924 1610 949 ante

481 969 580 1002 Mox
594 969 716 1015 perdit
735 968 865 1004 Turio.
888 969 989 1006 Flor.
1008 970 1139 1005 Ambr.
1163 979 1198 1005 2.
1221 968 1345 1004 Guelf.
1367 968 1482 1004 Goth.
1510 970 1607 1007 Jens.

300 1025 387 1066 (tac.
410 1021 536 1069 Gesn.)
568 1024 696 1070 Camp.
721 1036 808 1058 cum
833 1025 914 1059 edd.
939 1035 1021 1060 ante
1041 1025 1130 1060 Bad.
1159 1021 1261 1071 istum
1289 1023 1414 1059 Guelf.
1441 1024 1611 1072 angelum

296 1077 400 1113 Flor-
420 1078 551 1112 Ambr.
574 1088 609 1113 2.
630 1078 746 1126 supra
771 1079 868 1127 quod
897 1080 1013 1116 Goth.
1045 1083 1133 1124 (tac.
1156 1075 1282 1126 Gesn.)

297 1164 453 1200 demum
473 1164 636 1200 humero
657 1166 768 1212 injici
793 1166 858 1202 hic
880 1167 924 1202 si-

294 1233 366 1257 nus
387 1220 532 1256 debeat.
585 1222 726 1256 Haeret
745 1233 871 1257 autem
883 1223 925 1256 in

295 1275 431 1310 dextro
477 1275 702 1323 plerumque
750 1289 925 1312 veterum

292 1329 495 1364 statuarum
517 1330 681 1365 humero
699 1342 807 1378 togae
825 1345 922 1380 pars,

293 1385 447 1420 reducta
474 1384 541 1419 illa
571 1399 590 1419 a
617 1385 719 1421 collo
754 1399 823 1421 nec
851 1389 923 1423 nisi

290 1441 439 1475 summo
467 1440 545 1476 fere
583 1451 690 1487 tergo
722 1441 920 1489 applicita,

292 1508 408 1542 quam
437 1495 502 1529 hic
529 1509 548 1530 a
569 1495 694 1530 nostro
713 1497 922 1542 fignificari

289 1549 402 1599 Plane
424 1550 550 1585 credo.
607 1552 701 1584 Eam
722 1551 814 1588 sane,
834 1564 920 1586 cum

288 1617 458 1654 primum
484 1605 687 1640 amicimur
699 1616 786 1652 toga
799 1616 836 1640 et
858 1620 919 1642 an-

287 1670 441 1707 tequam
482 1660 546 1695 sub
586 1660 723 1695 dextro
761 1661 803 1694 in
832 1662 920 1696 sini.

286 1715 403 1750 strum
415 1714 577 1749 humero
596 1728 711 1762 rugae
724 1713 812 1749 illae
831 1729 920 1751 con-

286 1778 485 1818 geruntur,
519 1781 648 1804 exerto
668 1783 761 1804 mox
781 1769 918 1807 dextro

260 1868 269 1878 ·
285 1823 446 1859 brachio
467 1825 737 1864 continendae,
768 1827 920 1874 imponi

285 1879 429 1914 :necess'e
462 1880 511 1912 est
540 1893 614 1913 una
641 1893 729 1914 cum
748 1891 853 1929 parte
873 1882 917 1916 si·

285 1934 411 1969 nistra.
432 1934 567 1981 Neque
589 1935 702 1975 enim,
727 1948 804 1983 quo
827 1947 919 1971 tem·

285 2001 381 2038 pore
401 1988 602 2023 brachium
628 1990 727 2025 veste
747 1991 917 2026 contine-

286 2044 412 2084 batur,
435 2043 543 2078 aliter
561 2045 673 2090 injici
692 2056 777 2094 toga
788 2047 916 2093 potuit

285 2099 402 2148 quam
447 2108 491 2133 ut
528 2101 668 2146 pariter
706 2101 914 2149 utrobique

285 2153 433 2190 collum
469 2154 636 2196 velarem
674 2168 769 2203 quae
807 2169 913 2198 moet,

283 2209 467 2245 liberiore
499 2210 637 2258 agendi
672 2223 779 2246 more
813 2212 914 2247 obti-

282 2275 409 2305 nente,
429 2275 471 2299 ut
491 2266 618 2300 minus
637 2266 680 2301 in
699 2278 835 2313 genere
849 2267 912 2302 ad-

281 2320 503 2361 ducebatur,
526 2321 578 2355 ita
603 2333 621 2354 a
642 2322 776 2357 dextro
794 2322 912 2356 maxi-

279 2387 343 2410 :me
366 2374 467 2410 collo
486 2375 695 2411 recedebat.
729 2377 817 2423 Quo
838 2378 911 2412 mi-

279 2443 354 2466 :nus
398 2441 543 2470 tamen,
610 2443 696 2465 cum
735 2433 909 2467 Ferrario

279 2485 465 2533 aliisque,
504 2486 628 2520 finum
666 2486 731 2521 hic
760 2484 910 2535 sinistro

278 2540 442 2576 humero
471 2541 723 2588 injiciendum
739 2542 910 2591 praecipi

277 2606 428 2642 putem,
461 2597 578 2632 obstat
623 2598 786 2645 aspectus
830 2597 908 2645 ipse

276 2660 457 2698 togarum
486 2653 529 2686 in
548 2653 674 2687 statuis
687 2678 698 2692 ,
730 2653 797 2700 qui
818 2652 907 2687 dex-

276 2714 384 2758 tram⁴
394 2707 505 2744 vestis
522 2706 701 2745 laciniam
729 2707 782 2745 ita
792 2707 842 2759 *iu
860 2708 906 2744 si-

979 1167 1134 1203 nistrum
1155 1154 1358 1203 humerum
1380 1167 1470 1204 duci
1489 1168 1607 1202 osten-

980 1223 1050 1266 dit,
1064 1234 1108 1258 ut
1127 1223 1305 1259 sinistram
1327 1221 1502 1257 laciniam
1521 1223 1604 1257 sub-

980 1287 1057 1319 eat,
1099 1291 1215 1325 eaque
1264 1286 1430 1323 tegatur,
1467 1289 1606 1324 nequa·

980 1347 1093 1380 quam
1131 1343 1256 1367 autem
1294 1331 1514 1378 imponatur
1554 1332 1605 1366 ei-

980 1389 1087 1430 den13
1126 1387 1232 1436 quod
1279 1385 1428 1422 foi-[alre
1476 1397 1606 1422 contra.

977 1446 1052 1479 fnit
1097 1445 1139 1478 in
1177 1441 1248 1476 illo
1278 1441 1530 1482 Graecorum,
1570 1452 1607 1477 et

975 1499 1143 1534 Platonis
1191 1494 1404 1543 imprimis,
1454 1494 1606 1534 ἐπιδέξια

975 1551 1266 1594 ἀναβάλλεσθαι,
1324 1549 1370 1584 de
1406 1563 1484 1599 quo
1513 1551 1604 1585 vide

974 1607 1116 1643 Heind.
1146 1606 1191 1640 ad
1219 1605 1410 1640 Theaetet.
1438 1619 1477 1654 p.
1511 1611 1602 1647 400,

972 1664 1065 1698 item
1094 1661 1335 1708 Bottigerum
1363 1661 1409 1695 ad
1426 1661 1510 1696 vasa
1526 1661 1602 1693 Ha-

974 1716 1200 1752 milmniana
1233 1726 1268 1753 2,
1303 1727 1341 1762 p.
1375 1722 1440 1758 55.
1500 1714 1603 1761 Quid

974 1773 1019 1807 [it
1046 1772 1189 1815 rejicere
1215 1778 1414 1823 extremum'
1438 1783 1538 1806 oram
1551 1767 1604 1816 fi-

975 1841 1052 1868 nus,
1075 1825 1173 1860 infra
1195 1823 1469 1870 disputabimus
1502 1824 1548 1859 ad
1569 1822 1601 1866 ᾖ.

979 1887 1067 1928 ²44·
1125 1881 1261 1915 Fateor
1283 1879 1506 1920 autemshic
1525 1890 1601 1912 ma·

973 1939 1078 1972 xime
1114 1934 1215 1970 mihi
1254 1947 1387 1981 aquam
1425 1933 1600 1971 haerere,

973 2005 1060 2028 cum
1090 1990 1294 2026 circuitum
1327 2001 1479 2024 omnem
1508 1988 1600 2023 ami-

973 2058 1054 2083 ctus
1102 2044 1223 2080 oculis
1266 2044 1440 2092 persequi
1475 2043 1599 2079 adhuc

972 2102 1128 2151 quidem
1139 2111 1376 2148 nequaquam
1390 2100 1491 2135 mihi
1509 2111 1599 2136 con-

971 2157 1110 2205 tigerit.
1140 2155 1282 2190 Solatio
1301 2165 1424 2190 tamen
1449 2155 1498 2190 est
1515 2153 1598 2209 Gei-

968 2213 1053 2247 neri
1085 2213 1129 2247 de
1157 2211 1190 2245 se
1215 2210 1317 2245 idem
1341 2209 1489 2245 fatentis
1510 2210 1596 2244 fim-

967 2266 1130 2315 plicitas.
1189 2264 1362 2301 Gallaeus
1378 2271 1595 2313 expungen-

969 2323 1027 2357 dis
1048 2335 1120 2371 pro
1147 2320 1262 2369 glossa
1284 2319 1413 2355 verbis
1435 2321 1596 2364 injicien-

967 2378 1033 2412 dus
1070 2378 1214 2412 humero
1254 2377 1350 2425 cnjus
1381 2374 1592 2410 faciliorem

965 2433 1048 2467 sane
1061 2431 1285 2467 nanciscitur
1301 2429 1380 2464 loci
1390 2429 1590 2467 rationem,

965 2487 1025 2522 sed
1053 2487 1140 2528 suo,
1167 2487 1196 2521 i.
1230 2499 1262 2520 e.
1284 2483 1502 2522 temerario,
1532 2496 1590 2518 re-

963 2542 1106 2579 medio.

1024 2655 1112 2697 ¹4¹-
1125 2650 1324 2687 normalem
1334 2667 1388 2674 —-
1400 2648 1583 2700 angulum,v

964 2705 1041 2756 Qui
1067 2705 1115 2742 fit
1144 2718 1162 2742 e
1191 2704 1330 2742 lacerto
1358 2714 1394 2741 et
1415 2702 1586 2742 brachio.
