1676 3028
263 229 378 290 363ι
576 225 651 276 Μ.
689 232 821 276 FAB.
858 232 1265 291 QtnN‘rmlANt

259 367 371 399 nem
391 347 540 421 sori,
580 363 630 400 et
655 350 924 420 pastinum
956 372 1140 404 morem
1159 358 1462 421 judiciorum
1493 380 1570 411 re-

259 429 475 490 quirunt.
522 429 677 476 *Nam
707 426 924 491 sequens
946 430 1110 478 latum
1132 434 1284 482 etiam
1306 434 1460 500 atque
1482 437 1569 487 fu-

258 500 372 550 sum
415 501 512 558 est,
563 503 693 549 Non
728 506 856 550 enim
895 521 1079 553 corona
1113 504 1359 580 conseffus
1395 510 1568 581 vester

186 593 235 631 51
260 580 444 624 cinctus
465 572 558 643 est,
598 573 876 646 utsolebac.
937 580 1096 647 Quod
1114 585 1308 640 notavi,
1339 595 1396 633 ut
1416 603 1567 651 appa-

257 661 421 707 reret,
480 667 590 699 non
637 650 807 700 solum
847 654 905 701 in
941 656 1187 704 membris
1225 657 1425 717 causae5
1452 662 1454 667 '
1479 659 1567 710 secl

257 727 412 774 etiam
448 726 506 774 in
535 727 764 775 articulis
801 726 897 775 effe
926 729 1154 794 aliquam
1183 720 1568 795 pronunciandi

255 802 574 859 varietatem,
614 799 723 849 sine
743 819 843 866 qua
861 804 998 851 nihil
1019 822 1191 870 neque
1211 811 1375 868 majus
1395 826 1569 874 neque

254 877 434 925 minus
468 875 554 929 est.
641 878 754 926 Vox
783 889 955 926 autem
995 881 1132 928 ultra
1164 883 1302 931 vires
1333 885 1568 949 urgenda
1630 929 1632 933 ,

253 968 366 1002 non
396 950 482 1001 est.
530 952 669 1001 Nam
691 963 741 1002 et
756 949 1059 1029 suffocpcur
1086 955 1260 1022 saepe,
1291 969 1342 1006 et
1370 963 1567 1020 majore

251 1139 382 1187 Camp.
408 1151 494 1175 cum
506 1136 606 1173 Alm.
622 1139 726 1176 Voff.
755 1151 787 1175 1.
811 1149 848 1184 5.
877 1140 1036 1190 Reliqui
1055 1142 1225 1186 inserunt
1242 1153 1397 1180 veterum
1415 1158 1434 1180 e
1456 1145 1563 1182 Cice·

247 1207 356 1230 rone.
399 1195 472 1229 Sed
494 1195 623 1242 Camp.
649 1196 816 1230 inciderit
837 1206 873 1231 et
893 1199 1052 1246 requirit.
1096 1199 1169 1233 Pro
1187 1200 1406 1244 judiciorum
1427 1200 1559 1238 Turio.

248 1250 353 1286 Flor.
371 1250 521 1294 judicio.
546 1250 593 1285 cf.
619 1260 680 1289 10,
701 1260 737 1293 7,
759 1256 796 1296 4.
819 1251 941 1286 Guelf.
963 1251 1167 1299 desiderant
1182 1267 1253 1301 pro
1273 1257 1454 1301 requirant
1471 1269 1560 1291 cum

248 1317 369 1353 marg.
390 1303 498 1339 Bafil.
520 1305 566 1339 ef.
587 1304 678 1338 Ern.
697 1315 776 1340 not.
797 1306 842 1340 ad
863 1306 936 1342 loc.
959 1308 1038 1343 Cic.
1077 1308 1199 1343 Modo
1220 1321 1291 1356 pro
1313 1309 1413 1343 tibiis
1428 1311 1561 1359 Camp-

250 1361 362 1396 oculis
383 1359 590 1403 (manifesta
599 1359 772 1406 imperiti
790 1359 940 1396 librarii
959 1362 1226 1407 correctione).
1243 1366 1316 1398 Pro
1327 1363 1453 1413 fusum
1462 1366 1560 1404 Jens.

249 1417 338 1460 (tac.
361 1415 488 1460 Gesn.)
511 1413 663 1462 effusum
685 1428 770 1450 cum
792 1417 874 1452 edd.
893 1418 1047 1465 posterr.
1071 1428 1154 1454 ante
1169 1417 1277 1455 Bam.

335 1510 400 1547 51.
432 1515 546 1550 neque
566 1503 681 1545 majus
700 1522 754 1530 -—-
771 1501 831 1550 est.
863 1504 988 1539 Guelf.
1008 1519 1120 1553 neque
1139 1508 1256 1541 minus
1271 1521 1384 1556 neque
1401 1510 1518 1554 majus
1529 1524 1560 1546 e.

245 1558 363 1594 Goth.
386 1557 481 1596 Jens.
504 1559 588 1599 (tac.
615 1557 741 1600 Gesn.)
769 1570 855 1592 cum
878 1559 960 1594 edd.
987 1560 1142 1607 posterr.
1165 1572 1248 1596 ante
1269 1563 1389 1597 Stoer.
1411 1577 1475 1598 nec
1495 1567 1560 1599 mi-

242 1627 309 1648 nus
339 1626 403 1648 nec
430 1613 547 1654 maius
570 1624 601 1645 e.
657 1610 740 1646 Post
760 1611 852 1648 haec
871 1614 987 1650 verba
1007 1625 1132 1651 autem
1153 1617 1280 1664 Camp.
1303 1617 1443 1653 iterum
1465 1619 1559 1654 inse-

241 1669 295 1705 rit
324 1669 410 1703 Non
427 1668 521 1702 enim
541 1663 653 1713 vester
662 1685 716 1693 —
718 1665 877 1715 solebat.
1096 1669 1316 1719 suffocatur.
1346 1673 1407 1708 Sic
1427 1674 1557 1724 Camp.

242 1823 292 1858 ad
327 1822 444 1868 hujus
484 1821 685 1870 proverbii
715 1819 875 1857 illustra·
986 1823 1085 1859 Nam
1103 1821 1256 1873 sequens
1275 1843 1327 1852 —-
1343 1825 1467 1874 fusum
1494 1825 1556 1875 efi.

242 1878 390 1914 tionem
401 1878 585 1915 VV.DD.
609 1878 781 1918 afferunt,
804 1877 876 1912 nisi
931 1879 1124 1918 „Tantum
1152 1880 1270 1921 abest,
1319 1891 1363 1915 ut
1392 1882 1438 1916 sit
1467 1894 1558 1917 con-

242 1943 287 1968 ut
298 1933 493 1967 remittant
513 1933 558 1966 ad
576 1945 607 1971 1,
623 1945 638 1965 1
651 1945 682 1972 1,
699 1932 734 1966 6.
757 1933 875 1980 Equi·
928 1943 1118 1973 „tractum
1142 1945 1253 1982 atque
1274 1936 1518 1973 summfflum.
1532 1942 1559 1958 “

242 1988 343 2027 dem,
361 1988 514 2022 Erasmo
536 1988 630 2022 duce
652 1988 813 2035 (Adagg.
838 2001 872 2027 1,

243 2050 281 2086 5,
296 2042 478 2090 96.),huc
497 2042 760 2078 fimilitudinis
773 2053 873 2078 certe
984 2051 1049 2087 51.
1098 2046 1264 2081 membris
1288 2067 1345 2095 7—
1382 2039 1555 2085 aniculis.

240 2099 345 2132 causa
388 2098 677 2137 advocaverim,
731 2098 870 2145 quibus
926 2098 1087 2146 Elegans
1119 2101 1311 2138 translatio
1325 2129 1336 2144 ,
1381 2115 1458 2149 quo
1492 2104 1556 2139 de-

240 2153 365 2189 utitur
395 2152 576 2187 Gesnerus
605 2153 650 2186 ad
682 2165 716 2193 1,
747 2163 783 2193 2,
806 2162 870 2195 50.
928 2154 1040 2189 duxit
1069 2156 1152 2190 usus
1183 2156 1324 2192 horum
1349 2157 1556 2194 vocabulo-

238 2209 368 2243 versus
415 2206 651 2255 Sophocleos
687 2206 868 2249 (Bruuck.
926 2222 1015 2244 rum
1045 2210 1087 2244 in
1114 2210 1252 2257 figuris
1271 2217 1326 2260 (9,
1349 2221 1387 2257 5,
1409 2214 1495 2260 98.)
1517 2223 1555 2249 et

240 2263 302 2297 Fr.
323 2265 457 2298 Incert.
478 2264 582 2307 80.):
613 2262 715 2308 Φυσᾷ
734 2262 806 2310 γὰρ
831 2260 870 2297 οὐ
926 2264 969 2298 in
999 2266 1274 2313 compositione
1303 2271 1361 2314 (9,
1393 2274 1428 2311 4,
1463 2278 1552 2304 122.

240 2319 443 2365 σμικροῖσιν
467 2315 642 2358 αὐλίσκοις
663 2317 734 2357 ἔτι,
762 2316 868 2352 Ἀλλ’
925 2319 1018 2354 item
1033 2320 1130 2367 apud
1147 2321 1227 2359 Cic.
1249 2322 1294 2357 ‹le
1314 2322 1382 2358 Or.
1396 2332 1432 2361 2,
1454 2325 1551 2367 88.)-

236 2371 376 2420 ἀγρίαις
411 2370 560 2414 <picam
590 2372 759 2420 φορβειᾶς
786 2371 866 2420 ἄτερ
926 2375 1041 2420 Quod
1054 2385 1178 2410 autem
1195 2377 1270 2414 sine
1290 2377 1360 2412 hac
1371 2378 1551 2413 varietate

235 2426 866 2476 (cf-Langbaen.adLong.p.20.).
922 2439 1036 2476 negat
1073 2431 1282 2478 quidquam
1326 2433 1445 2477 majus
1485 2442 1550 2467 aut

235 2482 403 2529 Apparet
449 2483 514 2518 hic
565 2483 694 2518 minus
732 2493 866 2518 tectam
922 2484 1050 2519 minus
1071 2485 1151 2525 effe,
1169 2487 1301 2522 eodem
1324 2486 1420 2521 redit
1443 2487 1549 2533 quod.

234 2536 443 2583 significari
482 2551 616 2573 eorum
647 2551 741 2586 quae
771 2538 866 2573 fiant
922 2538 968 2572 de
979 2539 1125 2586 pictura
1137 2551 1328 2576 mutuatus
1347 2551 1422 2575 erat
1435 2542 1548 2587 §.46-

233 2591 278 2626 in
322 2592 469 2637 judicio
515 2593 864 2641 reprehensionem,
920 2594 1058 2641 Neque
1090 2595 1191 2630 enirn
1215 2597 1292 2632 sine
1322 2609 1363 2631 ea
1391 2595 1547 2632 umbrae

234 2658 323 2681 cum
379 2648 419 2681 in
476 2649 666 2697 proximis
715 2648 863 2684 invidia
919 2647 1017 2683 ullae
1038 2648 1081 2684 in
1107 2649 1244 2687 tabula.
1589 2646 1593 2650 ⁴

231 2701 351 2738 modo
373 2703 498 2741 eidem
516 2704 613 2740 facta
631 2704 758 2740 fuerit.
