1696 3016
519 95 547 107 l

259 182 325 228 40
552 171 646 218 Μ.
698 171 830 218 FAB.
877 168 1285 232 QUINTILIANI

257 296 361 343 lem
402 295 592 359 leg-atio
639 296 962 352 continetur,
1018 295 1106 342 vel
1140 295 1197 342 in
1228 295 1400 360 primo
1436 295 1574 344 inter

255 370 414 419 duces
451 371 541 418 illa
587 371 880 426 contentio,
936 369 1022 417 vel
1064 368 1227 416 dictae
1259 371 1318 418 in
1345 369 1574 419 secundo

256 444 561 501 sententiae,
604 460 783 493 omnes
820 445 995 493 litium
1032 461 1088 491 ac
1120 442 1453 494 consiliorum
1491 461 1577 492 ex-

183 530 234 568 48
255 522 451 585 piicant
497 521 665 568 artes?
733 515 964 568 Affectus
1015 518 1258 583 quidem,-
1323 521 1410 567 vel
1456 520 1577 568 illos

254 596 437 653 mites,
474 596 561 643 vel
590 594 688 642 hos
724 596 1027 651 concitatos,
1066 610 1222 642 nemo
1254 595 1350 642 erit
1370 605 1474 643 tam
1496 595 1578 642 in-

255 669 469 722 doctus,
507 670 601 732 qui
633 686 742 717 non
773 669 831 716 in
861 668 949 718 [ua
970 667 1214 733 potestate
1238 667 1380 717 hunc
1402 679 1578 718 aucto-

253 761 366 793 rem
394 742 623 793 habuisse
646 742 881 797 fateatur,
956 745 1062 808 Age
1083 759 1237 800 vero,
1257 760 1365 792 non
1386 745 1665 801 utrius-892

252 892 300 936 (a
332 906 389 942 pr.
420 906 470 927 m.
501 893 653 939 uterq.)
703 894 766 939 qui
808 889 946 939 omr'ffa.
1189 893 1306 928 dictae
1343 895 1380 927 ίη
1405 891 1577 941 secundo.

253 949 385 983 Turic.
414 947 516 983 Flor.
550 948 641 992 (hic
673 948 823 983 nonnisi
851 959 872 980 a
891 961 948 997 pr.
969 948 1052 995 m.)
1080 948 1116 983 d.
1139 950 1176 982 in
1199 948 1352 984 dicendo
1375 947 1459 997 ins.
1491 961 1579 985 cum

252 1003 354 1039 Mun
679 1012 682 1015 ’

341 1098 405 1135 43.
437 1104 509 1127 non
533 1093 634 1135 (ante
652 1093 833 1139 utriusque
843 1092 872 1136 ).
931 1091 994 1126 Sic
1021 1092 1150 1127 Turic.
1175 1091 1277 1126 Flor.
1298 1090 1425 1128 Guelf.
1446 1082 1578 1140 Czim'p·

253 1159 339 1181 cum
361 1147 478 1182 Goth.
505 1146 607 1184 Voss‘.
633 1161 666 1182 1.
690 1157 725 1181 2.
780 1146 937 1194 Reliqui
959 1158 1088 1181 nonne.
1149 1147 1205 1183 Cf.
1226 1148 1408 1182 Goerenz.
1433 1146 1477 1181 ad
1499 1146 1580 1182 Cic.

251 1202 370 1249 Legg.
391 1216 428 1250 p.
453 1208 543 1245 245.
569 1209 659 1245 285.
720 1202 840 1235 Modo
863 1202 915 1248 (§.
939 1202 1021 1246 47.)
1049 1214 1121 1236 ηοη
1152 1201 1223 1237 soli
1248 1201 1364 1237 Goth.
1390 1211 1427 1236 et
1448 1202 1579 1249 Camp-

251 1269 376 1304 neque
411 1260 445 1303 ᾖ.
479 1263 541 1299 50.
582 1255 666 1290 ulli.
725 1256 883 1291 Addunt
920 1259 958 1292 in
986 1257 1069 1305 post
1094 1257 1258 1293 nostram
1288 1268 1426 1292 vocem
1458 1256 1541 1291 edd.
1560 1269 1581 1291 a

251 1311 374 1347 Badio
405 1312 495 1346 inde
528 1324 607 1347 exc.
637 1311 716 1346 Bas.
751 1310 845 1346 Obr.

309 1449 415 1476 arces.
460 1442 506 1476 cf.
547 1445 580 1488 §.
617 1448 677 1484 15.
753 1442 890 1489 Neque

254 1498 355 1532 enim
376 1507 450 1531 tam
475 1497 633 1543 artfficia
651 1496 716 1531 hic
739 1509 778 1531 ea
794 1509 890 1531 voce

253 1551 416 1586 indicari
437 1551 621 1590 arbitror,
653 1565 766 1598 quam
785 1565 890 1599 prae-

252 1607 358 1653 'cepta
409 1607 606 1646 rhetorica,
655 1617 812 1654 propter
850 1606 891 1640 id

255 1661 361 1708 quod
391 1660 572 1706 adjicitur
597 1662 789 1708 explicant.

315 1721 378 1760 48.
412 1716 496 1750 illos
530 1717 780 1750 mites—hos
809 1729 891 1751 con-

255 1773 397 1805 titanos.
417 1771 442 1805 i.
457 1784 486 1804 e.
508 1768 574 1812 ἤθη
591 1770 647 1804 καὶ
660 1767 769 1813 πάθη.
792 1772 837 1806 cf.
854 1772 889 1810 6.

259 1837 294 1866 2,
307 1832 342 1869 8.
359 1837 394 1872 9.
422 1826 534 1865 „Hoc
551 1837 675 1860 autem
695 1826 740 1860 de
752 1827 890 1862 Home.

257 1893 328 1920 „ro
355 1880 547 1926 judicium
578 1881 715 1915 Fabius
737 1881 891 1916 llausxffe

257 1935 437 1974 „videtur
476 1948 523 1969 ex
550 1935 710 1982 Dionys.
743 1935 894 1970 Halic.“

258 1991 417 2038 Capper.
450 1990 711 2026 conferendus
741 1991 824 2026 sane
847 1990 892 2024 ad

259 2057 411 2080 omnem
443 2045 546 2080 hunc
578 2046 803 2092 scriptorum
835 2058 894 2079 re-

261 2100 409 2135 censum
431 2101 592 2148 Dionys.
615 2101 671 2135 ed.
694 2099 783 2135 Rsk.
806 2111 831 2134 t.
858 2108 892 2143 5.

260 2169 296 2202 p.
318 2156 564 2200 415—436.
621 2155 767 2190 Eodem
791 2156 892 2190 enim

262 2209 339 2243 fere
371 2210 713 2258 proceditrordine
742 2212 895 2258 Diony-

264 2265 334 2300 fius
353 2290 362 2303 ,
420 2267 446 2299 si
491 2267 610 2301 modo
658 2265 690 2300 is
734 2265 898 2313 catalogi

264 2329 418 2359 auctor,
450 2332 525 2366 quo
553 2331 589 2355 et
613 2319 896 2367 Quintilianus;

265 2383 307 2408 ut
333 2385 508 2421 appareat
542 2386 749 2423 utrumque
783 2376 896 2410 sectae

264 2428 373 2463 iuiss'e
404 2429 658 2463 Aristar-:heae
685 2430 728 2464 in
750 2429 896 2477 elegen·

266 2482 324 2517 dis
355 2495 451 2530 quos
474 2483 686 2518 imitationi
707 2497 897 2532 propone·

266 2547 354 2572 rent
366 2538 624 2584 scriptoribus.
656 2539 757 2584 Quid
771 2549 898 2585 autem

268 2590 499 2626 diffenserint
522 2593 564 2627 in
587 2592 661 2627 hoc
687 2593 773 2628 loco
797 2605 898 2629 vete·

268 2659 326 2682 res
346 2647 605 2687 Grammatici,
626 2647 734 2683 velut
755 2649 794 2683 in
814 2662 898 2698 pn·-

1074 1314 1272 1360 utriusque.
1329 1311 1459 1346 Turio.
1478 1310 1580 1347 Flor-

947 1442 1048 1477 tibus
1079 1441 1309 1476 Antimacho
1344 1440 1477 1476 dandis
1505 1441 1582 1476 Eu-

945 1497 1114 1544 phorion
1138 1522 1147 1536 ‚
1207 1496 1290 1531 satis
1341 1495 1582 1543 exploratum

947 1565 1048 1586 nunc
1080 1551 1128 1586 est
1158 1553 1242 1588 VV-
1266 1552 1357 1585 DD.
1386 1550 1582 1589 industria.

950 1618 1046 1653 quos
1068 1605 1407 1641 demonstravimus
1430 1604 1475 1639 ad
1497 1619 1530 1645 1,
1545 1611 1582 1648 4,

948 1670 984 1703 5.
1016 1662 1156 1707 quibus
1189 1673 1282 1695 mox
1306 1659 1449 1695 acceffit
1470 1661 1582 1707 Wyt·

947 1715 1170 1751 tenbachius
1192 1716 1233 1750 in
1252 1715 1332 1750 vita
1351 1715 1490 1750 summi
1504 1727 1583 1749 ma-

948 1771 1064 1818 gistri.
1111 1772 1257 1806 Locum
1287 1770 1331 1804 de
1353 1769 1582 1805 Antimacho

948 1826 1069 1872 probe
1099 1836 1135 1860 et
1167 1825 1314 1860 erudite
1338 1825 1584 1873 pertractavit

950 1880 1284 1926 Schellenbergins
1323 1881 1364 1914 in
1393 1879 1585 1928 Reliquiis

949 1935 1210 1971 Antimacheis
1231 1933 1335 1979 (Hal.
1359 1937 1442 1969 Sax.
1466 1932 1583 1978 1786.

951 1991 1027 2036 8.).
1083 1990 1161 2024 Ubi
1181 1989 1327 2036 aliquid
1346 1988 1584 2024 recenti-itinn

949 2044 1245 2093 proponendum
1275 2044 1348 2079 erit
1371 2056 1417 2078 ex
1441 2042 1585 2078 horum

953 2100 1081 2147 copia,
1121 2099 1309 2139 monebo,
1346 2099 1388 2133 in
1422 2097 1584 2146 reliquis

951 2154 1092 2190 lectore
1123 2153 1168 2188 ad
1201 2154 1272 2189 hos
1303 2153 1449 2194 fontes,
1477 2153 1587 2188 item-

953 2222 1026 2257 que
1056 2210 1103 2244 ad
1130 2207 1232 2244 Bibl.
1256 2208 1518 2244 Fabricianam
1539 2207 1585 2244 ab

951 2264 1105 2300 Harlete
1130 2274 1277 2298 auctam
1303 2263 1487 2311 ablegato.

1009 2321 1100 2354 hunc
1120 2326 1313 2356 auctorem.
1347 2316 1584 2357 Insolentius,

953 2375 995 2409 ni
1015 2373 1138 2412 fallor,
1170 2373 1214 2406 de
1236 2383 1360 2420 poeta.
1389 2372 1435 2407 cf.
1459 2382 1494 2412 2,
1521 2379 1583 2414 15,

954 2429 1019 2472 56.
1072 2438 1109 2462 et
1157 2439 1251 2462 mox
1290 2430 1323 2474 §.
1365 2433 1430 2474 49.
1477 2426 1587 2468 „hoc

952 2487 1139 2532 ‚,poeta.“
1204 2482 1341 2530 Neque
1372 2481 1475 2516 enim
1510 2481 1588 2531 huo

954 2539 1044 2574 facit
1064 2537 1142 2573 Cic.
1162 2549 1232 2585 pro
1247 2538 1397 2572 Muren.
1415 2541 1475 2582 ²4·
1503 2536 1586 2576 „in-

954 2593 1155 2640 „geniosus
1167 2602 1276 2642 poeta
1289 2600 1325 2628 et
1334 2600 1467 2629 auctor
1476 2589 1586 2626 valde

954 2648 1146 2690 „b011118.“

1686 295 1696 330 ἱ
