1696 3016
315 204 500 283 ‚11‘vs1z
550 231 830 287 ORATOR.
873 230 996 277 Lm.
1041 230 1115 286 x,
1166 243 1207 275 1.
1375 240 1446 291 49

83 358 203 410 rbus-
243 359 468 425 receptis
518 355 811 408 Aristarchi,
853 355 1056 416 iudicio
1095 353 1442 420 scriptoribus

87 437 418 494 iamborum,
476 435 542 484 ad
576 434 686 492 ἕξιν
717 435 944 483 maxime
974 430 1263 499 pertinebit
1298 451 1442 492 unus

87 511 443 565 Archilochus.
521 515 737 563 Summa
771 512 830 559 in
860 511 964 567 hoc
989 512 1072 560 vis
1097 511 1437 569 elocutionis,
1465 517 1515 554 6ο

89 607 214 640 cum
237 585 461 647 haliciae,
490 601 605 638 tum
630 589 817 638 breves
841 589 1214 652 vibrantesque
1238 586 1444 637 senten-

87 668 214 726 tiae,
271 668 570 734 plurimum
616 665 886 732 sanguinis
934 675 1091 729 atque
1131 681 1443 723 nervorum,

89 744 222 794 adeo
259 754 321 792 ut
341 743 585 792 videatur
603 743 953 808 quibusdam,
996 740 1147 806 quod
1168 759 1442 807 quoquam

84 821 269 870 :minor
301 818 399 878 est,
435 821 683 869 materiae
705 817 830 877 ess'e,
867 819 1200 883 noningenii
1224 820 1438 868 vitium.

87 898 305 946 Novem
329 914 457 946 ver-o
480 898 801 961 Lyricorum
829 897 988 961 longe
1009 897 1272 944 Pindarus
1291 897 1438 961 prin·
1460 904 1510 942 δι

87 990 223 1038 ceps,
245 971 459 1038 spiritus
477 970 880 1038 magnificentia,
914 971 1202 1030 sententiis,
1233 971 1440 1038 figuris,

84 1048 358 1098 heatiffima
393 1066 574 1098 rerum
609 1050 1009 1113 verborumque
1049 1050 1226 1113 copia,
1288 1051 1440 1098 velut

84 1125 319 1191 quodam
360 1127 696 1191 eloquentiae
734 1124 986 1176 flumine:
1048 1135 1269 1190 propter
1301 1143 1437 1190 quae

79 1204 335 1254 Horatius
380 1219 506 1253 eum
542 1205 733 1253 merito
767 1202 994 1253 credidit
1030 1204 1238 1252 nemini
1267 1204 1441 1252 imita-

84 1358 218 1407 Camp.
248 1357 366 1394 Goth.
400 1359 498 1398 Jens.
531 1362 627 1406 (tac.
664 1360 802 1403 Gesn.)
842 1372 929 1394 cnm
958 1358 1062 1394 Voff.
1095 1368 1131 1394 2.
1164 1369 1201 1394 et
1233 1358 1318 1394 edd.
1353 1369 1440 1394 ante

77 1413 192 1451 Bam.
252 1413 410 1463 Reliqui
436 1416 608 1452 inserunt
639 1414 702 1465 efi.
762 1418 808 1451 In
837 1415 962 1451 Guelf.
997 1415 1112 1450 multo
1143 1429 1189 1450 m.
1223 1417 1321 1463 quia.
1343 1429 1390 1449 m.
1412 1415 1438 1451 l.

75 1469 301 1518 ,formandus
338 1478 375 1506 ει
402 1472 481 1507 duc.
514 1486 600 1508 cum
631 1474 728 1511 Jens.
766 1473 861 1519 (tac.
894 1472 1033 1514 Gesn.)
1081 1483 1118 1506 et
1150 1471 1234 1506 edd.
1276 1471 1433 1519 posterr.

81 1537 167 1562 ante
201 1529 325 1563 Stoer.
358 1528 428 1563 nifi
461 1529 567 1576 quod
587 1528 658 1564 hae
674 1529 880 1577 formanda
900 1541 1009 1564 mens.
1045 1527 1149 1563 Vols.
1181 1541 1214 1562 1.
1239 1536 1277 1569 5.
1302 1526 1437 1562 mutili

73 1582 123 1619 ‚in
151 1582 190 1619 h.
221 1582 272 1625 1.,
315 1585 342 1619 fi
371 1594 474 1620 recte
501 1597 789 1626 memorantur,
832 1597 1003 1620 ceterum
1035 1583 1314 1620 consentientes
1347 1597 1433 1619 cum

80 1639 208 1675 Guelf.
242 1640 358 1676 multa
378 1655 424 1677 m.
446 1655 556 1690 quam
573 1656 618 1678 m.
639 1642 664 1678 l.
677 1641 904 1690 formandus
922 1650 958 1676 et
978 1642 1058 1676 duc.
1077 1640 1187 1675 Bam.
1249 1642 1294 1675 In
1315 1639 1432 1676 Goth.

72 1692 292 1744 festinantia
308 1709 382 1745 pro
395 1696 614 1744 formanda.
803 1699 852 1733 ad
873 1695 954 1736 ἕξιν.
1013 1697 1144 1732 Tui-ic.
1167 1695 1271 1731 Flor.
1298 1697 1430 1744 Camp.

78 1753 130 1789 ad
162 1751 249 1788 hinec
280 1765 367 1788 cum
399 1754 517 1789 Goth.
550 1756 656 1792 Voff.
689 1764 725 1792 2.
753 1755 855 1790 Alm.
877 1753 978 1791 Vall.
1018 1758 1120 1798 (err.
1146 1752 1312 1800 Burm.)
1347 1751 1431 1787 Ald.

78 1809 171 1845 Bad.
215 1810 265 1844 ad
315 1812 451 1846 exitum
488 1810 614 1847 Guelf.
657 1825 744 1847 cum
773 1812 870 1849 Jens.
914 1822 951 1846 et
985 1811 1069 1846 edd.
1103 1809 1197 1857 post.
1229 1820 1314 1844 ante
1344 1807 1431 1843 Ald.

78 1864 264 1901 Nostrum
295 1867 448 1915 egregie
467 1868 640 1915 reposuit
656 1868 878 1904 Philander.
938 1867 1064 1902 NIodo
1087 1866 1217 1902 Turic.
1245 1879 1264 1900 a
1282 1866 1352 1901 sec.
1382 1879 1433 1900 m.

77 1924 305 1970 praeceptis,
339 1935 426 1962 cum
449 1936 469 1957 a
489 1927 766 1974 p1.raeceptis.
1163 1932 1165 1935 ’

169 2023 232 2060 60.
265 2024 494 2075 quibusdam.
556 2026 688 2062 Turio.
719 2027 863 2077 quibus
1099 2024 1200 2075 quod
1241 2036 1434 2071 quoquam

81 2079 213 2116 Turio.
237 2081 273 2124 (a
292 2081 359 2116 sec.
383 2083 457 2124 m.)
488 2096 521 2130 q.
547 2096 700 2131 quoque.
759 2085 791 2117 E
812 2083 916 2119 Flor.
944 2095 1015 2130 quo
1043 2095 1138 2131 que,
1167 2079 1228 2116 sed
1251 2093 1268 2115 a
1290 2079 1358 2114 sec.
1381 2091 1432 2115 m.

74 2135 180 2184 quod
201 2137 358 2184 quidem,
379 2148 417 2173 et
436 2139 484 2172 fic
505 2138 631 2175 Guelf.
657 2139 776 2176 Goth.
801 2142 888 2184 (tac.
911 2138 1041 2183 Gefn.)
1074 2138 1210 2185 Camp.
1233 2148 1322 2171 cum
1344 2135 1428 2171 edd.

76 2201 166 2236 ‚ante
185 2191 306 2227 Bafil.
365 2194 506 2241 ingenii
528 2197 669 2230 vitium.
702 2197 834 2231 Tui-ic.
858 2196 1111 2243 ingemtivum.

138 2281 206 2329 61.
238 2295 366 2341 copia,
396 2293 497 2329 velut
527 2296 701 2344 quonlam.
773 2296 904 2332 Turic.
938 2310 966 2331 c.
998 2309 1031 2342 q.
1093 2293 1427 2346 Nostruvaoth.

71 2351 168 2409 (tac.
190 2349 321 2398 Gesn.)
351 2349 484 2400 Camp.
512 2365 599 2388 cum
618 2353 723 2392 Voff.
745 2364 782 2390 2.
823 2352 983 2400 Reliqui
1002 2351 1174 2386 inserunt
1193 2358 1229 2384 et
1246 2349 1330 2398 post
1349 2363 1429 2399 cop.

77 2499 293 2536 ponactem.
353 2482 423 2526 ἕξιν
454 2486 500 2523 cf.
533 2487 581 2524 ad
614 2490 648 2535 §.
686 2501 720 2524 1.
843 2487 906 2524 60.
940 2486 1194 2535 vibrantesque
1207 2482 1427 2533 sententiae.

75 2543 336 2585 Archilochus
366 2556 386 2576 a
410 2544 596 2580 Cicerone
615 2545 722 2593 prin·
779 2545 1007 2580 potestatem
1020 2542 1132 2579 verbi
1143 2540 1428 2576 intransitivam

77 2593 264 2648 cipeloco
276 2601 418 2648 politus
431 2599 538 2636 Orat.
557 2613 615 2642 1.;
639 2601 724 2648 qui·
780 2603 870 2637 vide
894 2615 930 2647 9,
956 2610 993 2643 4,
1018 2606 1080 2643 55.
1123 2597 1203 2634 Cic.
1227 2598 1336 2632 Brut.
1364 2603 1427 2644 95,

76 2655 150 2691 bus
170 2656 255 2691 add.
279 2670 375 2705 quae
399 2655 558 2692 exhibet
570 2657 719 2693 Fabric.
782 2658 819 2694 6.
851 2655 1099 2696 Translatam,
1124 2665 1168 2689 ut
1194 2653 1273 2693 hic,
1300 2666 1315 2689 ι
1330 2666 1364 2693 1,
1387 2661 1425 2696 5,

2 2715 11 2727 ’“
76 2712 186 2753 Harl.
207 2711 295 2751 vol.
327 2723 363 2749 2.
394 2726 434 2762 p.
464 2713 540 2749 106
568 2714 648 2762 sqq.
785 2724 876 2750 120.
915 2724 983 2755 12,
1009 2725 1055 2760 9,
1079 2721 1116 2755 5.

618 2814 623 2824 ¹
840 2770 905 2806 61.
937 2770 1126 2804 Horatius,
1157 2767 1284 2804 Cal-m.
1315 2771 1364 2813 4,
1387 2774 1424 2800 2.

139 2823 244 2860 Tom-
275 2824 343 2862 IV.
921 2827 960 2861 D
