1696 3016
373 224 435 267 23
687 189 760 259 Μ.
814 215 945 260 FAB.
998 199 1406 276 QUiNTiLIANt

374 334 688 406 Sallustiana
733 335 980 395 brevitas,
1029 355 1131 403 qua
1180 341 1318 388 nihil
1347 339 1504 406 ,apud
1539 351 1690 388 aures

370 429 557 461 vacuas
600 424 751 476 atque
794 415 1021 462 eruditas
1069 414 1233 478 potest
1266 413 1361 463 esse
1393 413 1686 479 perfectius,

371 487 511 551 apud
553 498 859 552 occupatum
907 489 1062 536 variis
1113 490 1510 553 cogitationibus
1549 488 1686 547 iudi-

371 579 507 619 cem,
555 573 606 610 et
634 562 833 626 saepius
862 563 1214 620 ineruditum,
1263 564 1508 628 captanda
1535 564 1687 612 nobis

373 636 470 684 est:
507 654 676 700 neque
709 639 798 684 ilia
819 639 962 686 Livii
998 637 1161 686 lactea
1183 635 1382 687 ubertas
1402 638 1514 687 satis
1533 638 1687 687 doce-

370 712 450 759 bit
482 729 631 768 eum,
680 714 774 775 qui
807 729 917 760 non
950 711 1170 775 speciem
1209 712 1568 778 expofitioiiis,
1598 711 1696 759 [ed-

297 795 348 831 53
371 785 528 834 fidem
561 788 774 849 quaerit.
863 786 1036 844 Adde,
1084 786 1232 849 quod
1265 789 1340 836 M.
1380 787 1593 835 Tullius
1621 803 1688 834 ne

371 861 742 926 Thucydidem
772 860 987 924 quidem
1009 871 1098 910 aut
1118 863 1516 927 Xenophontem
1538 861 1690 910 utiles

369 1009 476 1045 Bafil.
507 1010 653 1059 Gryph.
687 1009 837 1053 (1536.
850 1012 878 1054 ).
937 1011 1182 1046 remetioribus
1202 1011 1276 1046 (1.1.
1308 1010 1438 1046 Tun-ic.
1462 1011 1563 1047 Flor.
1595 1009 1688 1056 (hic

370 1079 387 1098 a
411 1079 468 1113 pr.
490 1065 560 1110 m.)
584 1066 830 1100 temer-foribus
847 1079 876 1101 e.
900 1066 924 1101 l.
947 1066 1071 1102 Guelf.
1095 1066 1249 1115 Reliqui
1269 1066 1330 1102 lib.
1354 1074 1388 1100 et
1408 1079 1493 1102 rem.
1518 1066 1688 1102 nostrum

368 1121 554 1168 probante
580 1122 813 1157 Burmanno.

454 1185 518 1218 52.
549 1189 630 1223 qua.
691 1177 820 1210 Tul-ic.
843 1176 943 1212 Flor.
966 1178 1090 1214 Guelf.
1121 1180 1207 1227 quia
1227 1191 1311 1213 cum
1339 1177 1535 1218 Jens.(tac.
1557 1174 1690 1220 Gesn.)

370 1232 482 1267 Tarv.
516 1242 552 1265 et
579 1231 661 1266 edd.
696 1232 830 1278 poster.
862 1243 945 1267 ante
973 1233 1059 1268 Ald.
1118 1233 1188 1268 Sed
1217 1232 1318 1271 Voff.
1342 1242 1378 1267 2.
1408 1231 1554 1266 omittit
1573 1229 1688 1263 haee:

371 1286 470 1333 apud
494 1298 767 1330 vacuas—per
751 1285 897 1332 rfectius
926 1288 1000 1332 (cf.
1029 1298 1094 1331 50.
1124 1289 1166 1323 it.
1199 1293 1262 1331 41-
1274 1288 1304 1330 ).
1473 1282 1590 1333 potest
1619 1280 1689 1331 effe

369 1339 574 1388 perfectius.
643 1341 773 1376 Tulic.
812 1349 920 1387 potus
950 1341 1019 1391 effe
1048 1342 1252 1391 perfectius.
1317 1340 1500 1385 Flo1-.(a
1526 1352 1583 1387 Pl·
1610 1337 1687 1395 mo')

369 1397 491 1444 potius
520 1394 638 1444 effep
641 1395 733 1443 eorfe
726 1398 818 1430 tius.
877 1397 946 1432 Ille
969 1411 988 1432 a
1009 1399 1075 1433 sec.
1104 1412 1155 1433 m.
1185 1394 1301 1445 potest
1324 1394 1391 1445 effe
1409 1395 1626 1443 perfectum,
1652 1404 1690 1428 et

369 1453 417 1485 fic
450 1451 574 1486 Guelf.
613 1410 756 1487 pNobis
788 1453 968 1489 vetustam
998 1452 1219 1500 sciwiptmam
1246 1450 1564 1486 considerantibus
1582 1448 1688 1484 vide-

370 1515 434 1540 tur
466 1506 670 1552 legendum
709 1509 831 1553 potius
869 1516 904 1542 et
931 1506 1138 1555 perfectius.
1375 1506 1490 1540 Livii.
1557 1503 1687 1539 Turio.

371 1561 408 1603 (a
438 1574 495 1609 pr.
528 1562 597 1607 m.)
625 1560 842 1597 Flor.lev1'.
1069 1562 1224 1597 docebit.
1283 1560 1398 1599 Goth.
1429 1558 1568 1593 decebit
1600 1571 1689 1593 cum

369 1615 472 1651 Voff.
496 1624 530 1650 2.
563 1616 646 1651 edd.
674 1627 757 1651 ante
777 1616 884 1652 Bam.
907 1629 986 1652 exc.
1007 1618 1136 1664 Camp.
1157 1617 1242 1652 Ald.
1442 1612 1688 1663 expositionis.

370 1671 487 1708 Goth.
514 1673 611 1712 (err
634 1673 764 1714 Gesn.)
795 1671 1065 1720 compositionis
1085 1685 1172 1706 cum
1194 1672 1299 1709 Voff,
1323 1681 1359 1707 2.

453 1734 516 1768 33.
546 1727 664 1766 Adde,
693 1727 801 1774 quod.
862 1727 992 1762 Turic.
1015 1726 1116 1762 Flor.
1146 1727 1275 1762 audeo
1305 1740 1390 1773 qum
1421 1725 1538 1769 (cum
1556 1721 1687 1767 Alm.)

369 1794 388 1816 a
410 1781 476 1816 sec.
495 1794 545 1815 m.
570 1792 728 1828 uterque
755 1783 866 1817 audio
888 1785 984 1831 quim
1029 1782 1156 1817 Guelf
1176 1782 1286 1818 audio
1307 1783 1378 1835 qui.
1435 1778 1553 1815 Goth.
1575 1778 1687 1814 audio

369 1836 465 1884 quod
493 1849 579 1870 cum
611 1836 713 1873 Voss'.
743 1847 778 1873 2.
820 1849 855 1873 et
881 1837 965 1872 edd.
997 1847 1080 1875 ante
1111 1836 1197 1872 Ald.
1226 1849 1305 1872 exc.
1335 1837 1465 1884 Camp.
1487 1834 1557 1881 qui
1575 1833 1687 1871 Addo

368 1891 466 1939 quod
496 1903 581 1926 cum
613 1904 730 1938 marg.
767 1892 871 1928 Bafil.
930 1893 1055 1938 Hujus
1083 1902 1210 1927 autem
1241 1901 1463 1925 contextum
1492 1887 1688 1934 (multum

367 1945 483 1983 licere
513 1946 579 1983 fibi
608 1955 689 1980 rato
707 1972 717 1986 ,
764 1948 832 1994 qui
863 1946 1055 1993 conjecit)
1097 1946 1228 1981 habet:
1270 1946 1379 1995 Quod
1408 1945 1525 1981 dicere
1546 1942 1688 1989 fortius

367 2001 506 2040 audeo,
536 2004 631 2050 quia.
692 2002 805 2048 Quod
833 2015 911 2037 non
945 2001 1103 2038 debebat
1129 2000 1290 2050 probare
1319 2000 1448 2035 Burm.
1471 1999 1496 2032 fi
1521 1999 1687 2033 maxime

369 2068 415 2089 ex
438 2055 547 2094 libris
568 2056 676 2093 effet:
708 2057 787 2091 vid.
818 2067 877 2096 12,
905 2072 938 2097 1,
965 2064 1000 2101 4.
1197 2069 1242 2089 ne
1267 2054 1374 2089 Thac.
1432 2054 1560 2089 Turic.
1582 2052 1686 2087 Flor-

369 2110 493 2145 Guelf.
527 2124 590 2146 nec
622 2111 687 2146 Th.
713 2111 809 2149 Jens.
840 2114 934 2154 (tac.
965 2113 1105 2159 Gesn.)
1135 2121 1173 2148 et
1197 2109 1280 2146 edd.
1308 2109 1444 2160 poster.
1475 2118 1561 2144 ante
1592 2107 1684 2145 Bad.

368 2178 481 2214 neque
506 2166 571 2203 ΤΙι.
612 2167 705 2202 item
731 2180 793 2202 nec
814 2167 866 2203 X.
896 2167 1021 2206 Guelf.
1667 2159 1669 2164 ἲ

420 2295 538 2344 potest
575 2295 643 2346 effe
671 2296 874 2346 perfectius.
918 2295 998 2334 vid.
1058 2295 1174 2332 Addit
1194 2297 1381 2332 Gesnerus
1399 2296 1506 2331 Brut.
1526 2300 1590 2338 83.
1622 2293 1686 2329 De

364 2352 461 2388 Not.
485 2353 578 2388 Clit.
1057 2362 1134 2400 opt.
1167 2365 1251 2399 gen.
1284 2351 1405 2386 Oratt.
1427 2357 1449 2392 5
1475 2359 1593 2393 extr.;
1623 2347 1686 2383 sed.

421 2409 527 2443 Livii
557 2408 675 2443 lactea
706 2408 860 2443 ubertas.
890 2408 936 2443 cf.
962 2418 997 2447 2,
1055 2407 1101 2441 de
1144 2405 1398 2441 Demosthene
1444 2402 1684 2450 Thucydidis

368 2469 404 2506 5,
432 2474 492 2510 19.
1054 2461 1215 2496 studioso
1226 2459 1384 2495 Lucian.
1403 2459 1486 2495 adv.
1507 2458 1587 2493 ind.
1601 2461 1633 2505 §.
1647 2466 1685 2500 4.

423 2517 668 2565 expositionis.
699 2518 744 2553 cf.
769 2527 804 2560 5,
826 2529 859 2564 9,
881 2527 917 2560 7.
1053 2529 1090 2564 p.
1114 2516 1215 2550 Reiz.
1245 2525 1355 2549 102.:
1385 2513 1588 2561 saepiffime
1618 2525 1683 2546 au-

423 2580 487 2614 55.
521 2572 661 2606 Tullius
675 2591 730 2598 —
747 2573 997 2620 Thucydidem
1053 2581 1126 2606 tem
1149 2571 1207 2604 uti
1229 2567 1410 2616 exemplis
1421 2565 1684 2614 Thucydideis

366 2644 418 2653 —
431 2627 720 2674 Xenophontem.
765 2628 868 2662 Loca
890 2628 995 2663 Cice·
1053 2635 1258 2672 utrumque
1276 2623 1525 2669 Dionysium,
1556 2631 1592 2657 et
1608 2622 1688 2668 Hei-¹

365 2681 471 2716 tonis
491 2681 576 2716 sunt
597 2682 640 2717 iu
660 2681 764 2718 Orat.
787 2694 822 2729 9.
848 2693 909 2718 12.
934 2693 996 2730 19.
1051 2679 1314 2716 licamaffeum
1336 2688 1374 2714 et
1391 2677 1628 2727 Longinum.
