1696 3016
199 519 250 558 55
273 507 378 556 sola
402 508 707 556 criminibus
728 508 840 556 odii
857 518 907 554 et
930 509 1116 572 gratiae
1138 518 1329 556 vacant.

277 244 342 289 30
589 232 664 277 Μ.
708 232 843 278 FAB.
889 232 1298 293 QUlNTILIANt

272 358 529 422 litigatore
541 375 555 416 ;
590 355 676 404 sed
695 358 942 422 pleraque
965 374 1026 405 ex
1044 356 1292 406 vetustate
1313 357 1589 422 diligenter

273 431 366 481 fibi
400 434 603 496 cognita
636 431 830 490 sumat,
866 433 967 482 hoc
999 435 1317 498 potentiora,
1352 433 1508 498 'quod
1529 444 1591 480 ea*

1408 511 1450 557 A
1468 507 1590 573 'phi-

271 582 617 647 losophorum
667 600 794 645 vero
840 583 1063 631 lectione
1110 593 1170 631 ut
1220 581 1375 631 elsent
1423 584 1590 632 multa.

271 659 424 707 nobis
445 657 680 723 petenda,
718 659 850 706 vitio
874 657 1067 705 factum
1089 657 1160 706 est
1181 658 1283 705 alio
1308 669 1589 714 oratorum,

274 734 367 798 qui
397 732 612 798 quidem
643 733 748 780 illis
769 735 965 796 optima
981 731 1061 781 sui
1085 734 1254 797 operis
1276 743 1415 796 parte
1441 731 1591 781 ceffe-

273 819 414 856 runt.
503 809 642 855 Nam
676 818 725 854 et
752 807 816 854 de
846 807 1015 865 justis,
1060 807 1310 864 honestis,
1357 808 1591 864 utilibus,

272 885 442 946 iisque
480 899 612 946 quae
662 881 759 930 sint
787 881 894 931 istis
923 885 1203 940 contraria,
1256 892 1307 930 et
1342 881 1407 930 de
1434 883 1592 931 rebus

273 957 469 1005 divinis
525 959 748 1004 maxime
805 957 1014 1014 dicunt,
1071 969 1122 1005 et
1167 969 1591 1022 argumentantur

273 1034 481 1081 acriter:
528 1042 580 1080 et
607 1033 1026 1082 altercationibus
1055 1044 1208 1098 atque
1229 1034 1587 1098 interrogatio·
1597 1036 1685 1093 8322·

1659 805 1676 834 2-
1640 413 1678 778 2msffixm÷÷ffla
1644 326 1670 367 -'
1667 293 1670 297 >
1659 243 1661 245 ·
1668 206 1672 218 -
1654 171 1670 183 ⁵

271 1205 368 1243 Ven.
397 1204 506 1239 Rure.
539 1212 693 1251 expetet.
749 1201 907 1253 Reliqui
938 1214 1094 1252 expetat.
1150 1206 1302 1241 Poterat
1322 1206 1447 1240 dicere
1466 1213 1591 1252 petatf
1652 1184 1677 1202 δ

272 1267 421 1306 expetat
439 1271 518 1294 non
537 1259 642 1295 item.
825 1262 979 1307 gratiae.
1038 1261 1168 1295 Turio.
1187 1261 1288 1296 Flor.
1312 1260 1437 1297 Guelf.
1457 1262 1588 1309 Camp.

270 1314 385 1350 Tarv.
415 1316 538 1362 gratia
561 1327 648 1349 cum
674 1313 789 1351 Goth.
818 1315 922 1352 Voss'.
944 1326 980 1350 2.
1009 1317 1105 1354 Jens.
1153 1316 1332 1351 Correxit
1351 1327 1388 1351 et
1407 1317 1562 1365 Regius.

348 1421 414 1457 55.
446 1414 562 1448 multa
581 1414 695 1449 noln‘s.
727 1415 789 1449 Sic
801 1415 930 1450 Turio.
951 1414 1219 1462 F101-.Reliqui
1238 1429 1272 1450 n.
1285 1429 1332 1449 m.
1445 1412 1494 1463 est
1514 1416 1588 1450 alio
1657 1458 1664 1466 .

269 1478 465 1506 oratorum.
525 1469 654 1504 Turic.
684 1468 786 1504 Flor.
819 1483 848 1504 e,
868 1471 944 1503 alia
966 1483 999 1505 0.
1031 1483 1118 1505 cum
1137 1470 1234 1504 Alm.
1257 1470 1344 1511 (sed
1360 1469 1421 1504 illi
1444 1481 1480 1505 et
1498 1472 1591 1505 vitia

267 1525 387 1559 modo
413 1537 484 1571 pro
505 1524 634 1566 vitio).
693 1538 722 1559 e.
747 1525 842 1558 alias
861 1538 894 1559 0.
926 1524 1051 1560 Guelf.
1076 1527 1205 1572 Camp.
1229 1525 1346 1560 Goth.
1366 1525 1469 1561 Voff.
1495 1535 1532 1560 2.
1554 1534 1591 1559 et
1661 1521 1668 1531 ’

269 1579 354 1615 edd.
374 1589 458 1614 ante
478 1579 584 1614 Bam.
608 1579 763 1626 Reliqui
784 1577 833 1626 efi
857 1589 949 1617 orat.
1005 1579 1044 1615 N
1048 1581 1187 1614 ostrum
1210 1594 1229 1616 e
1249 1580 1478 1625 conjectura.

352 1642 445 1670 orat.
477 1635 550 1682 qui.
607 1635 737 1670 Turio.
758 1637 804 1678 (a
827 1635 893 1670 see.
910 1637 978 1679 m.)
1004 1634 1128 1671 Guelf.
1152 1636 1282 1684 Camp.
1301 1636 1415 1670 Tarv.
1445 1649 1479 1671 0.
1499 1648 1591 1684 quae
1660 1658 1666 1661 -

269 1703 357 1726 cum
379 1689 496 1725 Goth.
518 1689 621 1726 Voff.
638 1701 671 1724 2.
701 1690 797 1728 Jens.
815 1691 927 1725 Tarv.
970 1690 1185 1726 Nobiscum
1204 1691 1294 1726 facit
1305 1689 1402 1725 Alm.
1422 1703 1589 1738 quoque.

351 1741 530 1793 cefferunt.
590 1745 720 1780 Turio.
742 1745 843 1780 Flor.
866 1745 990 1780 Guelf.
1015 1747 1144 1793 Camp.
1168 1747 1279 1781 anv.
1301 1744 1483 1793 censentur
1499 1757 1588 1780 cum

266 1799 367 1836 Alm.
401 1800 517 1835 Goth.
549 1801 651 1836 Vols.
676 1810 711 1835 2.
743 1802 986 1848 (quanquam
1010 1799 1166 1847 censetur
1187 1814 1234 1836 ex
1251 1799 1584 1848 eoBu1·m.)Vall.

268 1865 306 1890 et
325 1855 408 1890 edd.
434 1865 516 1890 ante
539 1854 625 1890 Ald.
651 1855 829 1890 Correxit
852 1869 870 1890 e
891 1857 989 1902 conj.
1012 1855 1167 1902 Regius.

258 1909 335 1960 fint
365 1907 440 1956 {fiis
470 1924 498 1944 c.
557 1910 686 1946 Turic.
719 1913 763 1945 iis
791 1925 950 1959 quaeque
968 1910 1001 1958 s
1033 1912 1057 1944 i.

263 1965 356 2000 voci
377 1965 474 2009 atil.)
497 1964 531 2013 s.
556 1967 579 1998 i.
601 1979 628 1999 c.
688 1964 813 2001 Guelf.
834 1967 958 2013 hisque
991 1981 1024 2015 q.
1039 1964 1074 2013 s
1095 1965 1150 1999 his
1169 1980 1199 2003 e.

1364 1857 1478 1905 iisque
1496 1869 1588 1904 quae

1125 1911 1226 1946 Flor.
1254 1925 1322 1961 que
1356 1911 1585 1954 (adhaerens

1258 1967 1388 2014 Camp.
1413 1967 1527 2015 iisque
1550 1979 1585 2012 q.

255 2018 291 2069 s.
323 2033 351 2054 c.
384 2032 470 2054 cum
499 2019 614 2055 Goth.
643 2022 747 2058 Voff.
771 2031 807 2055 2.
839 2032 876 2055 et
893 2021 976 2055 edd.
1000 2031 1083 2055 ante
1104 2020 1211 2056 Bafil.
1250 2020 1408 2068 Reliqui
1429 2034 1588 2069 quaeque

257 2074 345 2124 sunt
366 2077 420 2109 lais
449 2074 582 2119 (Bam.
609 2072 709 2123 istis)
737 2090 765 2111 c.
824 2077 954 2111 Turic-
976 2075 1076 2110 Flor.
1097 2077 1143 2120 (a
1162 2091 1218 2125 pr.
1239 2078 1318 2120 m.)
1349 2077 1531 2110 contrarii.

352 2140 387 2165 et
406 2131 567 2165 altercat.
625 2131 754 2168 Turio.
787 2131 834 2176 (a
856 2132 923 2168 sec.
945 2132 1024 2175 m.)
1052 2143 1095 2166 ex
1113 2146 1149 2166 a.
1178 2144 1266 2166 cum
1286 2130 1402 2166 Goth.
1423 2131 1526 2170 Vols.
1548 2140 1586 2165 2.
1629 2151 1631 2153 ·

264 2186 362 2227 Jens.
383 2186 496 2221 Tarv.
530 2194 566 2220 ec
589 2199 632 2220 ex
658 2200 691 2222 a.
716 2186 841 2222 Guelf.

320 2331 384 2368 35.
414 2329 505 2361 vitio
524 2344 580 2352 —
599 2327 676 2362 alio
699 2336 898 2363 oratorum.

266 2380 366 2415 Vide
421 2383 596 2416 Prooem.
653 2393 723 2418 tot.
772 2383 898 2430 operis

269 2442 433 2481 9—13.
459 2447 495 2470 et
524 2437 568 2471 cf.
605 2437 703 2471 dicta
734 2437 780 2471 ad
802 2443 839 2480 3,
860 2446 897 2480 5,

268 2498 333 2536 59.
405 2491 582 2527 Pseudo·
603 2492 805 2527 Turnebus
851 2492 899 2526 ad

269 2545 492 2580 Ciceronem
517 2559 670 2594 quoque
693 2546 840 2594 ablegat
852 2547 897 2582 de

265 2598 333 2633 Or.
356 2599 381 2635 l.
405 2609 440 2643 3.
481 2600 737 2648 disputantem
761 2602 806 2636 de
827 2602 898 2636 hac

261 2653 581 2704 philosophorum
617 2669 704 2691 cum
735 2657 895 2692 oratori-

262 2707 335 2744 bus
357 2711 627 2756 conjunctione
639 2725 719 2759 cap.
742 2719 788 2755 15
803 2721 894 2747 -2o.

954 2340 1033 2363 non
1051 2326 1147 2361 male
1165 2325 1232 2361 ille
1251 2327 1418 2373 quidem.
1472 2326 1586 2362 Aliud

955 2394 1082 2417 autem
1105 2381 1246 2416 vitium
1271 2381 1457 2429 appellare
1477 2383 1586 2418 vide·

956 2448 1019 2472 tur
1047 2436 1191 2476 noster,
1241 2436 1331 2484 quia
1358 2437 1477 2473 modo
1500 2451 1586 2485 pra-

954 2505 1041 2527 vam
1080 2491 1348 2526 historicorum
1393 2503 1430 2526 et
1457 2502 1585 2541 poete-

953 2561 1039 2582 rum
1058 2546 1314 2581 imitationem
1333 2547 1582 2595 reprehende·

952 2613 1031 2638 rat:
1069 2602 1139 2635 nifi
1167 2601 1266 2636 forte
1296 2601 1406 2636 malis
1434 2614 1505 2650 pro
1535 2614 1582 2636 eo

951 2657 1112 2692 scribere
1153 2656 1218 2690 illo
1265 2657 1339 2699 (cf.
1377 2667 1456 2692 not.
1498 2657 1582 2691 crit.

952 2716 985 2760 §.
1008 2715 1103 2756 24),
1132 2711 1196 2746 vel
1221 2711 1357 2758 aliquo.
