<?xml version="1.0" encoding="UTF-8"?>
<!DOCTYPE html PUBLIC "-//W3C//DTD XHTML 1.0 Transitional//EN"
    "http://www.w3.org/TR/xhtml1/DTD/xhtml1-transitional.dtd">
<html xmlns="http://www.w3.org/1999/xhtml" xml:lang="en" lang="en">
 <head>
  <title>
</title>
<meta http-equiv="Content-Type" content="text/html;charset=utf-8" />
  <meta name='ocr-system' content='tesseract 3.04.00' />
  <meta name='ocr-capabilities' content='ocr_page ocr_carea ocr_par ocr_line ocrx_word'/>
</head>
<body>
  <div class='ocr_page' id='page_1' title='image "./lexiconquintilia04bonnuoft_0521.png"; bbox 0 0 1676 3028; ppageno 0'>
   <div class='ocr_carea' id='block_1_1' title="bbox 326 231 1424 290">
    <p class='ocr_par' dir='ltr' id='par_1_1' title="bbox 326 231 1424 290">
     <span class='ocr_line' id='line_1_1' title="bbox 326 231 1424 290; baseline -0.006 -9"><span class='ocrx_word' id='word_1_1' title='bbox 326 235 490 282; x_wconf 75' lang='lat' dir='ltr'><strong>1Ns‘r.</strong></span> <span class='ocrx_word' id='word_1_2' title='bbox 530 233 809 279; x_wconf 76' lang='lat' dir='ltr'>ORATOR.</span> <span class='ocrx_word' id='word_1_3' title='bbox 853 232 973 277; x_wconf 80' lang='lat' dir='ltr'>Lm.</span> <span class='ocrx_word' id='word_1_4' title='bbox 990 231 1103 288; x_wconf 77' lang='grc' dir='ltr'>ΧΠ,</span> <span class='ocrx_word' id='word_1_5' title='bbox 1142 244 1187 276; x_wconf 88' lang='lat'>1.</span> <span class='ocrx_word' id='word_1_6' title='bbox 1326 238 1424 290; x_wconf 76' lang='lat'>491</span> 
     </span>
    </p>
   </div>
   <div class='ocr_carea' id='block_1_2' title="bbox 29 353 1522 1196">
    <p class='ocr_par' dir='ltr' id='par_1_2' title="bbox 29 353 1522 1196">
     <span class='ocr_line' id='line_1_2' title="bbox 88 353 1510 428; baseline -0.008 -15"><span class='ocrx_word' id='word_1_7' title='bbox 88 360 230 414; x_wconf 83' lang='lat' dir='ltr'>deste</span> <span class='ocrx_word' id='word_1_8' title='bbox 256 370 586 428; x_wconf 85' lang='lat' dir='ltr'>proponunt,</span> <span class='ocrx_word' id='word_1_9' title='bbox 625 357 735 408; x_wconf 84' lang='lat' dir='ltr'>sine</span> <span class='ocrx_word' id='word_1_10' title='bbox 754 356 962 424; x_wconf 84' lang='lat' dir='ltr'>pudore</span> <span class='ocrx_word' id='word_1_11' title='bbox 982 353 1260 407; x_wconf 84' lang='lat' dir='ltr'>affirmant.</span> <span class='ocrx_word' id='word_1_12' title='bbox 1341 359 1428 405; x_wconf 87' lang='lat' dir='ltr'>Se·</span> <span class='ocrx_word' id='word_1_13' title='bbox 1461 363 1510 401; x_wconf 74' lang='lat'>¹3</span> 
     </span>
     <span class='ocr_line' id='line_1_3' title="bbox 29 431 1430 507; baseline -0.006 -17"><span class='ocrx_word' id='word_1_14' title='bbox 29 468 31 470; x_wconf 91' lang='lat'>·</span> <span class='ocrx_word' id='word_1_15' title='bbox 90 441 276 507; x_wconf 84' lang='lat' dir='ltr'>quitur</span> <span class='ocrx_word' id='word_1_16' title='bbox 307 439 372 487; x_wconf 71' lang='lat' dir='ltr'>cin</span> <span class='ocrx_word' id='word_1_17' title='bbox 394 439 476 496; x_wconf 87' lang='lat' dir='ltr'>iis,</span> <span class='ocrx_word' id='word_1_18' title='bbox 499 451 641 502; x_wconf 77' lang='lat' dir='ltr'>quae</span> <span class='ocrx_word' id='word_1_19' title='bbox 654 445 855 486; x_wconf 80' lang='lat' dir='ltr'>certum</span> <span class='ocrx_word' id='word_1_20' title='bbox 878 434 951 483; x_wconf 86' lang='lat' dir='ltr'>est</span> <span class='ocrx_word' id='word_1_21' title='bbox 975 431 1114 483; x_wconf 82' lang='lat' dir='ltr'>effici</span> <span class='ocrx_word' id='word_1_22' title='bbox 1140 451 1250 484; x_wconf 90' lang='lat' dir='ltr'>non</span> <span class='ocrx_word' id='word_1_23' title='bbox 1271 431 1430 499; x_wconf 84' lang='lat' dir='ltr'>poffe,</span> 
     </span>
     <span class='ocr_line' id='line_1_4' title="bbox 93 512 1433 581; baseline -0.007 -15"><span class='ocrx_word' id='word_1_24' title='bbox 93 515 348 566; x_wconf 82' lang='lat' dir='ltr'>deformis</span> <span class='ocrx_word' id='word_1_25' title='bbox 377 515 684 581; x_wconf 83' lang='lat' dir='ltr'>pertinacia,</span> <span class='ocrx_word' id='word_1_26' title='bbox 736 523 787 561; x_wconf 89' lang='lat' dir='ltr'>et</span> <span class='ocrx_word' id='word_1_27' title='bbox 819 514 1004 562; x_wconf 85' lang='lat' dir='ltr'>irritus</span> <span class='ocrx_word' id='word_1_28' title='bbox 1041 513 1207 567; x_wconf 84' lang='lat' dir='ltr'>labor.</span> <span class='ocrx_word' id='word_1_29' title='bbox 1289 512 1433 560; x_wconf 80' lang='lat' dir='ltr'>Nam</span> 
     </span>
     <span class='ocr_line' id='line_1_5' title="bbox 94 588 1436 656; baseline -0.005 -13"><span class='ocrx_word' id='word_1_30' title='bbox 94 592 229 652; x_wconf 79' lang='lat' dir='ltr'>ficut</span> <span class='ocrx_word' id='word_1_31' title='bbox 264 594 324 642; x_wconf 89' lang='lat' dir='ltr'>in</span> <span class='ocrx_word' id='word_1_32' title='bbox 360 593 494 651; x_wconf 80' lang='lat' dir='ltr'>vita,</span> <span class='ocrx_word' id='word_1_33' title='bbox 531 592 590 640; x_wconf 89' lang='lat' dir='ltr'>in</span> <span class='ocrx_word' id='word_1_34' title='bbox 631 589 795 640; x_wconf 75' lang='lat' dir='ltr'>causis</span> <span class='ocrx_word' id='word_1_35' title='bbox 817 606 1060 656; x_wconf 84' lang='lat' dir='ltr'>quoque,</span> <span class='ocrx_word' id='word_1_36' title='bbox 1098 588 1210 655; x_wconf 85' lang='lat' dir='ltr'>spes</span> <span class='ocrx_word' id='word_1_37' title='bbox 1231 590 1436 655; x_wconf 84' lang='lat' dir='ltr'>impro-</span> 
     </span>
     <span class='ocr_line' id='line_1_6' title="bbox 93 666 1437 733; baseline -0.004 -13"><span class='ocrx_word' id='word_1_38' title='bbox 93 671 186 720; x_wconf 86' lang='lat' dir='ltr'>bas</span> <span class='ocrx_word' id='word_1_39' title='bbox 225 670 435 719; x_wconf 87' lang='lat' dir='ltr'>habent.</span> <span class='ocrx_word' id='word_1_40' title='bbox 516 670 840 733; x_wconf 77' lang='lat' dir='ltr'><strong>Frequenter</strong></span> <span class='ocrx_word' id='word_1_41' title='bbox 886 678 1062 716; x_wconf 77' lang='lat' dir='ltr'>autem</span> <span class='ocrx_word' id='word_1_42' title='bbox 1098 666 1315 722; x_wconf 73' lang='lat' dir='ltr'>accidit,</span> <span class='ocrx_word' id='word_1_43' title='bbox 1376 673 1437 714; x_wconf 83' lang='lat' dir='ltr'>ut</span> 
     </span>
     <span class='ocr_line' id='line_1_7' title="bbox 95 742 1437 801; baseline -0.006 -4"><span class='ocrx_word' id='word_1_44' title='bbox 95 747 182 798; x_wconf 87' lang='lat' dir='ltr'>his</span> <span class='ocrx_word' id='word_1_45' title='bbox 212 748 368 796; x_wconf 87' lang='lat' dir='ltr'>etiam</span> <span class='ocrx_word' id='word_1_46' title='bbox 405 762 529 796; x_wconf 85' lang='lat' dir='ltr'>vera</span> <span class='ocrx_word' id='word_1_47' title='bbox 567 745 864 794; x_wconf 85' lang='lat' dir='ltr'>dicentibus</span> <span class='ocrx_word' id='word_1_48' title='bbox 894 742 1030 794; x_wconf 82' lang='lat' dir='ltr'>fides</span> <span class='ocrx_word' id='word_1_49' title='bbox 1061 742 1216 801; x_wconf 83' lang='lat' dir='ltr'>defit,</span> <span class='ocrx_word' id='word_1_50' title='bbox 1255 742 1437 791; x_wconf 85' lang='lat' dir='ltr'>videa-</span> 
     </span>
     <span class='ocr_line' id='line_1_8' title="bbox 98 819 1440 890; baseline -0.006 -16"><span class='ocrx_word' id='word_1_51' title='bbox 98 834 296 890; x_wconf 86' lang='lat' dir='ltr'>turque</span> <span class='ocrx_word' id='word_1_52' title='bbox 317 825 433 873; x_wconf 85' lang='lat' dir='ltr'>talis</span> <span class='ocrx_word' id='word_1_53' title='bbox 458 822 745 872; x_wconf 83' lang='lat' dir='ltr'>advocatus</span> <span class='ocrx_word' id='word_1_54' title='bbox 768 822 933 870; x_wconf 78' lang='lat' dir='ltr'>malae</span> <span class='ocrx_word' id='word_1_55' title='bbox 953 819 1133 870; x_wconf 84' lang='lat' dir='ltr'>causae</span> <span class='ocrx_word' id='word_1_56' title='bbox 1161 836 1440 887; x_wconf 83' lang='lat' dir='ltr'>argumen-</span> 
     </span>
     <span class='ocr_line' id='line_1_9' title="bbox 98 896 1522 964; baseline -0.007 -14"><span class='ocrx_word' id='word_1_57' title='bbox 98 911 230 951; x_wconf 90' lang='lat' dir='ltr'>tum.</span> <span class='ocrx_word' id='word_1_58' title='bbox 307 903 473 950; x_wconf 89' lang='lat' dir='ltr'>Nunc</span> <span class='ocrx_word' id='word_1_59' title='bbox 505 900 571 948; x_wconf 87' lang='lat' dir='ltr'>de</span> <span class='ocrx_word' id='word_1_60' title='bbox 599 900 665 949; x_wconf 85' lang='lat' dir='ltr'>iis</span> <span class='ocrx_word' id='word_1_61' title='bbox 694 898 982 948; x_wconf 89' lang='lat' dir='ltr'>dicendum</span> <span class='ocrx_word' id='word_1_62' title='bbox 1012 897 1100 957; x_wconf 87' lang='lat' dir='ltr'>eft,</span> <span class='ocrx_word' id='word_1_63' title='bbox 1140 915 1275 964; x_wconf 81' lang='lat' dir='ltr'>quae</span> <span class='ocrx_word' id='word_1_64' title='bbox 1303 896 1440 945; x_wconf 85' lang='lat' dir='ltr'>mihi</span> <span class='ocrx_word' id='word_1_65' title='bbox 1473 897 1522 940; x_wconf 64' lang='lat'>¹4</span> 
     </span>
     <span class='ocr_line' id='line_1_10' title="bbox 101 974 1446 1044; baseline -0.006 -15"><span class='ocrx_word' id='word_1_66' title='bbox 101 975 247 1044; x_wconf 76' lang='lat' dir='ltr'>quasi</span> <span class='ocrx_word' id='word_1_67' title='bbox 283 975 670 1042; x_wconf 75' lang='lat' dir='ltr'>conspiratione</span> <span class='ocrx_word' id='word_1_68' title='bbox 711 976 938 1039; x_wconf 84' lang='lat' dir='ltr'>quadam</span> <span class='ocrx_word' id='word_1_69' title='bbox 973 976 1126 1041; x_wconf 83' lang='lat' dir='ltr'>vulgi</span> <span class='ocrx_word' id='word_1_70' title='bbox 1170 974 1446 1024; x_wconf 85' lang='lat' dir='ltr'>reclamari</span> 
     </span>
     <span class='ocr_line' id='line_1_11' title="bbox 100 1048 1447 1122; baseline -0.005 -17"><span class='ocrx_word' id='word_1_71' title='bbox 100 1053 368 1105; x_wconf 76' lang='lat' dir='ltr'>videntur.</span> <span class='ocrx_word' id='word_1_72' title='bbox 415 1054 611 1104; x_wconf 81' lang='lat' dir='ltr'><em>Orator</em></span> <span class='ocrx_word' id='word_1_73' title='bbox 635 1068 768 1121; x_wconf 78' lang='lat' dir='ltr'>ergo</span> <span class='ocrx_word' id='word_1_74' title='bbox 788 1049 1166 1122; x_wconf 76' lang='lat' dir='ltr'><em>Demosthenes</em></span> <span class='ocrx_word' id='word_1_75' title='bbox 1185 1070 1283 1101; x_wconf 84' lang='lat' dir='ltr'>non</span> <span class='ocrx_word' id='word_1_76' title='bbox 1290 1048 1447 1122; x_wconf 71' lang='lat' dir='ltr'>suit?</span> 
     </span>
     <span class='ocr_line' id='line_1_12' title="bbox 105 1128 1448 1196; baseline -0.004 -16"><span class='ocrx_word' id='word_1_77' title='bbox 105 1131 252 1196; x_wconf 84' lang='lat' dir='ltr'>atqui</span> <span class='ocrx_word' id='word_1_78' title='bbox 275 1130 476 1181; x_wconf 84' lang='lat' dir='ltr'>malurn</span> <span class='ocrx_word' id='word_1_79' title='bbox 507 1130 686 1178; x_wconf 87' lang='lat' dir='ltr'>virum</span> <span class='ocrx_word' id='word_1_80' title='bbox 713 1132 1025 1196; x_wconf 85' lang='lat' dir='ltr'>accepimus.</span> <span class='ocrx_word' id='word_1_81' title='bbox 1070 1131 1204 1179; x_wconf 82' lang='lat' dir='ltr'>Non</span> <span class='ocrx_word' id='word_1_82' title='bbox 1234 1128 1448 1178; x_wconf 72' lang='lat' dir='ltr'>Cicero?</span> 
     </span>
    </p>
   </div>
   <div class='ocr_carea' id='block_1_3' title="bbox 105 1205 1453 1353">
    <p class='ocr_par' dir='ltr' id='par_1_3' title="bbox 105 1205 1453 1353">
     <span class='ocr_line' id='line_1_13' title="bbox 105 1205 1451 1273; baseline -0.002 -17"><span class='ocrx_word' id='word_1_83' title='bbox 105 1208 254 1273; x_wconf 85' lang='lat' dir='ltr'>atqui</span> <span class='ocrx_word' id='word_1_84' title='bbox 282 1209 444 1270; x_wconf 78' lang='lat' dir='ltr'>hujus</span> <span class='ocrx_word' id='word_1_85' title='bbox 466 1222 686 1272; x_wconf 88' lang='lat' dir='ltr'>quoque</span> <span class='ocrx_word' id='word_1_86' title='bbox 713 1223 887 1257; x_wconf 87' lang='lat' dir='ltr'>mores</span> <span class='ocrx_word' id='word_1_87' title='bbox 911 1207 1071 1257; x_wconf 89' lang='lat' dir='ltr'>multi</span> <span class='ocrx_word' id='word_1_88' title='bbox 1093 1205 1451 1272; x_wconf 85' lang='lat' dir='ltr'>reprehende-</span> 
     </span>
     <span class='ocr_line' id='line_1_14' title="bbox 107 1282 1453 1353; baseline -0.002 -20"><span class='ocrx_word' id='word_1_89' title='bbox 107 1293 250 1334; x_wconf 83' lang='lat' dir='ltr'>runt.</span> <span class='ocrx_word' id='word_1_90' title='bbox 329 1283 475 1353; x_wconf 83' lang='lat' dir='ltr'>Quid</span> <span class='ocrx_word' id='word_1_91' title='bbox 503 1283 685 1348; x_wconf 65' lang='lat' dir='ltr'>agam?</span> <span class='ocrx_word' id='word_1_92' title='bbox 748 1298 938 1351; x_wconf 84' lang='lat' dir='ltr'>magna</span> <span class='ocrx_word' id='word_1_93' title='bbox 977 1282 1213 1350; x_wconf 78' lang='lat' dir='ltr'>responsi</span> <span class='ocrx_word' id='word_1_94' title='bbox 1242 1282 1453 1335; x_wconf 80' lang='lat' dir='ltr'>invidia</span> 
     </span>
    </p>
   </div>
   <div class='ocr_carea' id='block_1_4' title="bbox 112 1436 1466 1499">
    <p class='ocr_par' dir='ltr' id='par_1_4' title="bbox 112 1436 1466 1499">
     <span class='ocr_line' id='line_1_15' title="bbox 112 1436 1466 1499; baseline 0.001 -14"><span class='ocrx_word' id='word_1_95' title='bbox 112 1450 271 1487; x_wconf 77' lang='lat' dir='ltr'>minibus</span> <span class='ocrx_word' id='word_1_96' title='bbox 299 1451 434 1488; x_wconf 78' lang='lat' dir='ltr'>Turio.</span> <span class='ocrx_word' id='word_1_97' title='bbox 463 1450 568 1487; x_wconf 82' lang='lat' dir='ltr'>Flor.</span> <span class='ocrx_word' id='word_1_98' title='bbox 605 1459 781 1499; x_wconf 74' lang='lat' dir='ltr'>conceptu</span> <span class='ocrx_word' id='word_1_99' title='bbox 809 1450 909 1489; x_wconf 82' lang='lat' dir='ltr'>Jens.</span> <span class='ocrx_word' id='word_1_100' title='bbox 941 1463 1029 1486; x_wconf 85' lang='lat' dir='ltr'>cum</span> <span class='ocrx_word' id='word_1_101' title='bbox 1060 1450 1219 1498; x_wconf 76' lang='lat' dir='ltr'>posterr.</span> <span class='ocrx_word' id='word_1_102' title='bbox 1253 1460 1340 1487; x_wconf 84' lang='lat' dir='ltr'>ante</span> <span class='ocrx_word' id='word_1_103' title='bbox 1358 1436 1466 1487; x_wconf 74' lang='lat' dir='ltr'>Bad.v</span> 
     </span>
    </p>
   </div>
   <div class='ocr_carea' id='block_1_5' title="bbox 109 1504 1457 1639">
    <p class='ocr_par' dir='ltr' id='par_1_5' title="bbox 109 1504 1457 1639">
     <span class='ocr_line' id='line_1_16' title="bbox 113 1504 1457 1557; baseline 0 -15"><span class='ocrx_word' id='word_1_104' title='bbox 113 1508 210 1543; x_wconf 78' lang='lat' dir='ltr'>unde</span> <span class='ocrx_word' id='word_1_105' title='bbox 262 1504 473 1555; x_wconf 75' lang='lat' dir='ltr'>immodesto</span> <span class='ocrx_word' id='word_1_106' title='bbox 512 1507 644 1555; x_wconf 85' lang='lat' dir='ltr'>Camp.</span> <span class='ocrx_word' id='word_1_107' title='bbox 693 1508 837 1557; x_wconf 84' lang='lat' dir='ltr'>pudore</span> <span class='ocrx_word' id='word_1_108' title='bbox 878 1506 1128 1554; x_wconf 71' lang='lat' dir='ltr'>adfirmentur</span> <span class='ocrx_word' id='word_1_109' title='bbox 1176 1507 1311 1544; x_wconf 78' lang='lat' dir='ltr'>Turio.</span> <span class='ocrx_word' id='word_1_110' title='bbox 1342 1506 1457 1557; x_wconf 61' lang='lat' dir='ltr'>flor.</span> 
     </span>
     <span class='ocr_line' id='line_1_17' title="bbox 109 1563 880 1639; baseline -0.001 -39"><span class='ocrx_word' id='word_1_111' title='bbox 109 1563 274 1614; x_wconf 78' lang='lat' dir='ltr'>pondere</span> <span class='ocrx_word' id='word_1_112' title='bbox 295 1578 339 1639; x_wconf 58' lang='lat' dir='ltr'>je.</span> <span class='ocrx_word' id='word_1_113' title='bbox 370 1563 503 1613; x_wconf 78' lang='lat' dir='ltr'>Camp.</span> <span class='ocrx_word' id='word_1_114' title='bbox 544 1576 634 1599; x_wconf 85' lang='lat' dir='ltr'>cum</span> <span class='ocrx_word' id='word_1_115' title='bbox 665 1564 880 1603; x_wconf 75' lang='lat' dir='ltr'>Andreana.</span> 
     </span>
    </p>
   </div>
   <div class='ocr_carea' id='block_1_6' title="bbox 115 1630 1462 1806">
    <p class='ocr_par' dir='ltr' id='par_1_6' title="bbox 115 1630 1462 1806">
     <span class='ocr_line' id='line_1_18' title="bbox 205 1630 1460 1691; baseline 0.004 -14"><span class='ocrx_word' id='word_1_116' title='bbox 205 1650 267 1687; x_wconf 77' lang='lat'>²5·</span> <span class='ocrx_word' id='word_1_117' title='bbox 295 1644 500 1691; x_wconf 79' lang='lat' dir='ltr'>pertinatio</span> <span class='ocrx_word' id='word_1_118' title='bbox 531 1641 638 1679; x_wconf 78' lang='lat' dir='ltr'>Flor.</span> <span class='ocrx_word' id='word_1_119' title='bbox 867 1630 960 1686; x_wconf 62' lang='lat' dir='ltr'>viba,</span> <span class='ocrx_word' id='word_1_120' title='bbox 992 1645 1043 1679; x_wconf 80' lang='lat' dir='ltr'>in.</span> <span class='ocrx_word' id='word_1_121' title='bbox 1093 1644 1156 1679; x_wconf 78' lang='lat' dir='ltr'>sic</span> <span class='ocrx_word' id='word_1_122' title='bbox 1186 1643 1320 1680; x_wconf 80' lang='lat' dir='ltr'>Turio.</span> <span class='ocrx_word' id='word_1_123' title='bbox 1352 1642 1460 1682; x_wconf 75' lang='lat' dir='ltr'>Flor-</span> 
     </span>
     <span class='ocr_line' id='line_1_19' title="bbox 115 1698 1462 1749; baseline 0.001 -13"><span class='ocrx_word' id='word_1_124' title='bbox 115 1699 250 1749; x_wconf 79' lang='lat' dir='ltr'>Camp.</span> <span class='ocrx_word' id='word_1_125' title='bbox 291 1712 378 1735; x_wconf 90' lang='lat' dir='ltr'>cum</span> <span class='ocrx_word' id='word_1_126' title='bbox 423 1698 525 1734; x_wconf 83' lang='lat' dir='ltr'><strong>Alm.</strong></span> <span class='ocrx_word' id='word_1_127' title='bbox 560 1701 613 1734; x_wconf 76' lang='lat' dir='ltr'>ita</span> <span class='ocrx_word' id='word_1_128' title='bbox 642 1699 817 1735; x_wconf 78' lang='lat' dir='ltr'>inferunt</span> <span class='ocrx_word' id='word_1_129' title='bbox 844 1699 1003 1748; x_wconf 83' lang='lat' dir='ltr'>reliqui.</span> <span class='ocrx_word' id='word_1_130' title='bbox 1035 1710 1076 1736; x_wconf 77' lang='lat' dir='ltr'>ut</span> <span class='ocrx_word' id='word_1_131' title='bbox 1109 1703 1151 1736; x_wconf 79' lang='lat' dir='ltr'>iis</span> <span class='ocrx_word' id='word_1_132' title='bbox 1180 1703 1293 1736; x_wconf 80' lang='lat' dir='ltr'>etiam</span> <span class='ocrx_word' id='word_1_133' title='bbox 1325 1700 1462 1738; x_wconf 75' lang='lat' dir='ltr'>Turio.</span> 
     </span>
     <span class='ocr_line' id='line_1_20' title="bbox 115 1755 1281 1806; baseline 0.001 -15"><span class='ocrx_word' id='word_1_134' title='bbox 115 1755 307 1797; x_wconf 73' lang='lat' dir='ltr'>Placebat,</span> <span class='ocrx_word' id='word_1_135' title='bbox 335 1755 409 1790; x_wconf 80' lang='lat' dir='ltr'>nisi</span> <span class='ocrx_word' id='word_1_136' title='bbox 439 1755 546 1802; x_wconf 84' lang='lat' dir='ltr'>quod</span> <span class='ocrx_word' id='word_1_137' title='bbox 577 1756 631 1790; x_wconf 76' lang='lat' dir='ltr'>his</span> <span class='ocrx_word' id='word_1_138' title='bbox 661 1768 733 1804; x_wconf 86' lang='lat' dir='ltr'>pro</span> <span class='ocrx_word' id='word_1_139' title='bbox 769 1756 905 1790; x_wconf 77' lang='lat' dir='ltr'>talibus</span> <span class='ocrx_word' id='word_1_140' title='bbox 936 1757 1086 1793; x_wconf 81' lang='lat' dir='ltr'>dietum</span> <span class='ocrx_word' id='word_1_141' title='bbox 1117 1757 1281 1806; x_wconf 80' lang='lat' dir='ltr'>accipio.</span> 
     </span>
    </p>
   </div>
   <div class='ocr_carea' id='block_1_7' title="bbox 121 1832 1467 2165">
    <p class='ocr_par' dir='ltr' id='par_1_7' title="bbox 121 1832 1467 2165">
     <span class='ocr_line' id='line_1_21' title="bbox 210 1832 1466 1882; baseline 0.002 -12"><span class='ocrx_word' id='word_1_142' title='bbox 210 1840 273 1877; x_wconf 76' lang='grc'>14.</span> <span class='ocrx_word' id='word_1_143' title='bbox 314 1834 514 1875; x_wconf 55' lang='lat' dir='ltr'>reclamare</span> <span class='ocrx_word' id='word_1_144' title='bbox 545 1832 674 1870; x_wconf 81' lang='lat' dir='ltr'>Guelf.</span> <span class='ocrx_word' id='word_1_145' title='bbox 706 1841 746 1867; x_wconf 82' lang='lat' dir='ltr'>at</span> <span class='ocrx_word' id='word_1_146' title='bbox 775 1835 919 1882; x_wconf 68' lang='lat' dir='ltr'>quic-qui</span> <span class='ocrx_word' id='word_1_147' title='bbox 950 1835 1089 1870; x_wconf 76' lang='lat' dir='ltr'><em>malum</em></span> <span class='ocrx_word' id='word_1_148' title='bbox 1118 1835 1250 1871; x_wconf 79' lang='lat' dir='ltr'>Turio.</span> <span class='ocrx_word' id='word_1_149' title='bbox 1285 1835 1389 1872; x_wconf 81' lang='lat' dir='ltr'>Flor.</span> <span class='ocrx_word' id='word_1_150' title='bbox 1423 1844 1466 1872; x_wconf 76' lang='lat' dir='ltr'>ae</span> 
     </span>
     <span class='ocr_line' id='line_1_22' title="bbox 121 1890 1467 1942; baseline 0.001 -16"><span class='ocrx_word' id='word_1_151' title='bbox 121 1891 293 1942; x_wconf 75' lang='lat' dir='ltr'>quicquid</span> <span class='ocrx_word' id='word_1_152' title='bbox 322 1904 369 1925; x_wconf 88' lang='lat' dir='ltr'>m.</span> <span class='ocrx_word' id='word_1_153' title='bbox 403 1890 535 1938; x_wconf 82' lang='lat' dir='ltr'>Camp.</span> <span class='ocrx_word' id='word_1_154' title='bbox 577 1890 776 1937; x_wconf 79' lang='lat' dir='ltr'>accipimus</span> <span class='ocrx_word' id='word_1_155' title='bbox 805 1890 937 1926; x_wconf 77' lang='lat' dir='ltr'>Turio.</span> <span class='ocrx_word' id='word_1_156' title='bbox 971 1890 1075 1927; x_wconf 78' lang='lat' dir='ltr'>flor.</span> <span class='ocrx_word' id='word_1_157' title='bbox 1113 1893 1238 1928; x_wconf 80' lang='lat' dir='ltr'>Cicero</span> <span class='ocrx_word' id='word_1_158' title='bbox 1269 1895 1330 1940; x_wconf 83' lang='lat' dir='ltr'>qui</span> <span class='ocrx_word' id='word_1_159' title='bbox 1359 1894 1467 1938; x_wconf 74' lang='lat' dir='ltr'>hujus</span> 
     </span>
     <span class='ocr_line' id='line_1_23' title="bbox 121 1946 1467 1997; baseline 0.001 -13"><span class='ocrx_word' id='word_1_160' title='bbox 121 1948 256 1986; x_wconf 82' lang='lat' dir='ltr'>Turio.</span> <span class='ocrx_word' id='word_1_161' title='bbox 294 1949 334 1984; x_wconf 88' lang='lat' dir='ltr'>C.</span> <span class='ocrx_word' id='word_1_162' title='bbox 364 1946 462 1990; x_wconf 77' lang='lat' dir='ltr'>cujus</span> <span class='ocrx_word' id='word_1_163' title='bbox 495 1948 628 1995; x_wconf 83' lang='lat' dir='ltr'>Camp.</span> <span class='ocrx_word' id='word_1_164' title='bbox 666 1947 705 1982; x_wconf 88' lang='lat' dir='ltr'>C.</span> <span class='ocrx_word' id='word_1_165' title='bbox 738 1954 848 1995; x_wconf 80' lang='lat' dir='ltr'>atque</span> <span class='ocrx_word' id='word_1_166' title='bbox 876 1946 911 1983; x_wconf 83' lang='grc' dir='ltr'>Ιι.</span> <span class='ocrx_word' id='word_1_167' title='bbox 943 1949 1042 1986; x_wconf 85' lang='lat' dir='ltr'>Jens.</span> <span class='ocrx_word' id='word_1_168' title='bbox 1076 1949 1165 1997; x_wconf 75' lang='lat' dir='ltr'>(tac.</span> <span class='ocrx_word' id='word_1_169' title='bbox 1194 1949 1326 1993; x_wconf 83' lang='lat' dir='ltr'>Gesn.)</span> <span class='ocrx_word' id='word_1_170' title='bbox 1350 1950 1467 1985; x_wconf 80' lang='lat' dir='ltr'><strong>Tarv.</strong></span> 
     </span>
     <span class='ocr_line' id='line_1_24' title="bbox 123 2001 1466 2053; baseline 0.001 -14"><span class='ocrx_word' id='word_1_171' title='bbox 123 2006 251 2052; x_wconf 81' lang='lat' dir='ltr'>magni</span> <span class='ocrx_word' id='word_1_172' title='bbox 283 2001 458 2052; x_wconf 82' lang='lat' dir='ltr'>responsa</span> <span class='ocrx_word' id='word_1_173' title='bbox 487 2003 618 2038; x_wconf 88' lang='lat' dir='ltr'>Turic.</span> <span class='ocrx_word' id='word_1_174' title='bbox 642 2001 746 2039; x_wconf 86' lang='lat' dir='ltr'>Flor.</span> <span class='ocrx_word' id='word_1_175' title='bbox 778 2006 899 2051; x_wconf 79' lang='lat' dir='ltr'>magis</span> <span class='ocrx_word' id='word_1_176' title='bbox 925 2017 954 2040; x_wconf 83' lang='lat' dir='ltr'>r.</span> <span class='ocrx_word' id='word_1_177' title='bbox 987 2006 1119 2053; x_wconf 86' lang='lat' dir='ltr'>Camp.</span> <span class='ocrx_word' id='word_1_178' title='bbox 1142 2003 1336 2053; x_wconf 82' lang='lat' dir='ltr'>subeunda</span> <span class='ocrx_word' id='word_1_179' title='bbox 1368 2007 1466 2040; x_wconf 76' lang='lat' dir='ltr'>miti-</span> 
     </span>
     <span class='ocr_line' id='line_1_25' title="bbox 123 2056 1461 2112; baseline 0.003 -17"><span class='ocrx_word' id='word_1_180' title='bbox 123 2060 285 2109; x_wconf 79' lang='lat' dir='ltr'>gandae,</span> <span class='ocrx_word' id='word_1_181' title='bbox 318 2059 454 2095; x_wconf 82' lang='lat' dir='ltr'>omiffo</span> <span class='ocrx_word' id='word_1_182' title='bbox 485 2056 546 2106; x_wconf 76' lang='lat' dir='ltr'>est,</span> <span class='ocrx_word' id='word_1_183' title='bbox 574 2058 694 2095; x_wconf 83' lang='lat' dir='ltr'><strong>Goth.</strong></span> <span class='ocrx_word' id='word_1_184' title='bbox 726 2060 825 2097; x_wconf 83' lang='lat' dir='ltr'>Jens.</span> <span class='ocrx_word' id='word_1_185' title='bbox 856 2066 943 2102; x_wconf 80' lang='lat' dir='ltr'>(tac.</span> <span class='ocrx_word' id='word_1_186' title='bbox 961 2061 1092 2107; x_wconf 86' lang='lat' dir='ltr'>Gesn.)</span> <span class='ocrx_word' id='word_1_187' title='bbox 1123 2073 1214 2096; x_wconf 88' lang='lat' dir='ltr'>cum</span> <span class='ocrx_word' id='word_1_188' title='bbox 1245 2061 1332 2099; x_wconf 82' lang='lat' dir='ltr'>edd.</span> <span class='ocrx_word' id='word_1_189' title='bbox 1363 2062 1461 2112; x_wconf 79' lang='lat' dir='ltr'>post.</span> 
     </span>
     <span class='ocr_line' id='line_1_26' title="bbox 126 2113 1150 2165; baseline 0.003 -13"><span class='ocrx_word' id='word_1_190' title='bbox 126 2127 213 2152; x_wconf 78' lang='lat' dir='ltr'>ante</span> <span class='ocrx_word' id='word_1_191' title='bbox 245 2115 329 2152; x_wconf 86' lang='lat' dir='ltr'><strong>Ald.</strong></span> <span class='ocrx_word' id='word_1_192' title='bbox 353 2114 549 2165; x_wconf 81' lang='lat' dir='ltr'>subeunda</span> <span class='ocrx_word' id='word_1_193' title='bbox 579 2113 745 2164; x_wconf 69' lang='grc' dir='ltr'>εΙὶ-ιιτ</span> <span class='ocrx_word' id='word_1_194' title='bbox 775 2119 903 2154; x_wconf 82' lang='lat' dir='ltr'>omnia</span> <span class='ocrx_word' id='word_1_195' title='bbox 932 2130 1010 2154; x_wconf 89' lang='lat' dir='ltr'>om.</span> <span class='ocrx_word' id='word_1_196' title='bbox 1044 2118 1150 2156; x_wconf 71' lang='lat' dir='ltr'>Flor-</span> 
     </span>
    </p>
   </div>
   <div class='ocr_carea' id='block_1_8' title="bbox 127 2269 1487 2836">
    <p class='ocr_par' dir='ltr' id='par_1_8' title="bbox 127 2269 1487 2836">
     <span class='ocr_line' id='line_1_27' title="bbox 190 2269 1473 2324; baseline 0.005 -18"><span class='ocrx_word' id='word_1_197' title='bbox 190 2279 253 2315; x_wconf 79' lang='lat'>¹3·</span> <span class='ocrx_word' id='word_1_198' title='bbox 298 2269 389 2320; x_wconf 81' lang='lat' dir='ltr'>spes</span> <span class='ocrx_word' id='word_1_199' title='bbox 419 2273 609 2322; x_wconf 81' lang='lat' dir='ltr'>improbas</span> <span class='ocrx_word' id='word_1_200' title='bbox 643 2273 675 2314; x_wconf 85' lang='lat' dir='ltr'>i.</span> <span class='ocrx_word' id='word_1_201' title='bbox 712 2273 772 2310; x_wconf 86' lang='lat' dir='ltr'>ni·</span> <span class='ocrx_word' id='word_1_202' title='bbox 831 2286 910 2323; x_wconf 88' lang='lat' dir='ltr'>quo</span> <span class='ocrx_word' id='word_1_203' title='bbox 948 2273 1046 2310; x_wconf 84' lang='lat' dir='ltr'>eniti</span> <span class='ocrx_word' id='word_1_204' title='bbox 1082 2275 1202 2324; x_wconf 75' lang='lat' dir='ltr'>pofl&#39;it</span> <span class='ocrx_word' id='word_1_205' title='bbox 1236 2285 1372 2312; x_wconf 85' lang='lat' dir='ltr'>natura</span> <span class='ocrx_word' id='word_1_206' title='bbox 1396 2275 1473 2313; x_wconf 87' lang='lat' dir='ltr'>hu-</span> 
     </span>
     <span class='ocr_line' id='line_1_28' title="bbox 129 2328 1477 2381; baseline 0.004 -18"><span class='ocrx_word' id='word_1_207' title='bbox 129 2329 240 2370; x_wconf 79' lang='lat' dir='ltr'>mias,</span> <span class='ocrx_word' id='word_1_208' title='bbox 271 2340 342 2364; x_wconf 87' lang='lat' dir='ltr'>nec</span> <span class='ocrx_word' id='word_1_209' title='bbox 361 2328 435 2364; x_wconf 84' lang='lat' dir='ltr'>ulli</span> <span class='ocrx_word' id='word_1_210' title='bbox 454 2330 694 2367; x_wconf 76' lang='lat' dir='ltr'>frustrationi</span> <span class='ocrx_word' id='word_1_211' title='bbox 714 2344 774 2367; x_wconf 88' lang='lat' dir='ltr'>ce·</span> <span class='ocrx_word' id='word_1_212' title='bbox 830 2344 954 2372; x_wconf 80' lang='lat' dir='ltr'>mana,</span> <span class='ocrx_word' id='word_1_213' title='bbox 979 2330 1242 2380; x_wconf 85' lang='lat' dir='ltr'>eloquentiam</span> <span class='ocrx_word' id='word_1_214' title='bbox 1258 2330 1477 2381; x_wconf 80' lang='lat' dir='ltr'>perveniss&#39;e</span> 
     </span>
     <span class='ocr_line' id='line_1_29' title="bbox 130 2386 1478 2438; baseline 0.004 -18"><span class='ocrx_word' id='word_1_215' title='bbox 130 2386 276 2421; x_wconf 75' lang='lat' dir='ltr'>dentes.</span> <span class='ocrx_word' id='word_1_216' title='bbox 833 2387 1008 2424; x_wconf 70' lang='lat' dir='ltr'>dicturus</span> <span class='ocrx_word' id='word_1_217' title='bbox 1052 2388 1102 2423; x_wconf 84' lang='lat' dir='ltr'>est</span> <span class='ocrx_word' id='word_1_218' title='bbox 1139 2391 1174 2436; x_wconf 55' lang='grc' dir='ltr'>ᾖ.</span> <span class='ocrx_word' id='word_1_219' title='bbox 1216 2395 1278 2434; x_wconf 85' lang='grc' dir='ltr'>ι8.</span> <span class='ocrx_word' id='word_1_220' title='bbox 1328 2392 1478 2438; x_wconf 77' lang='lat' dir='ltr'>mitigat</span> 
     </span>
     <span class='ocr_line' id='line_1_30' title="bbox 187 2442 1478 2494; baseline 0.004 -18"><span class='ocrx_word' id='word_1_221' title='bbox 187 2442 277 2477; x_wconf 74' lang='lat' dir='ltr'>calis</span> <span class='ocrx_word' id='word_1_222' title='bbox 297 2442 509 2478; x_wconf 79' lang='lat' dir='ltr'><strong><em>advocatus.</em></strong></span> <span class='ocrx_word' id='word_1_223' title='bbox 538 2443 672 2491; x_wconf 84' lang='lat' dir='ltr'>Qualis</span> <span class='ocrx_word' id='word_1_224' title='bbox 689 2444 776 2480; x_wconf 84' lang='lat' dir='ltr'>Pol·</span> <span class='ocrx_word' id='word_1_225' title='bbox 835 2456 928 2492; x_wconf 86' lang='lat' dir='ltr'>ergo</span> <span class='ocrx_word' id='word_1_226' title='bbox 947 2457 1053 2479; x_wconf 84' lang='lat' dir='ltr'>aures</span> <span class='ocrx_word' id='word_1_227' title='bbox 1073 2458 1216 2494; x_wconf 86' lang='lat' dir='ltr'>negans</span> <span class='ocrx_word' id='word_1_228' title='bbox 1245 2444 1353 2481; x_wconf 84' lang='lat' dir='ltr'>illam</span> <span class='ocrx_word' id='word_1_229' title='bbox 1375 2446 1478 2481; x_wconf 87' lang='lat' dir='ltr'>mul-</span> 
     </span>
     <span class='ocr_line' id='line_1_31' title="bbox 131 2497 1480 2552; baseline 0.004 -20"><span class='ocrx_word' id='word_1_230' title='bbox 131 2497 237 2534; x_wconf 83' lang='lat' dir='ltr'>lioni</span> <span class='ocrx_word' id='word_1_231' title='bbox 269 2499 374 2536; x_wconf 81' lang='lat' dir='ltr'>visus</span> <span class='ocrx_word' id='word_1_232' title='bbox 412 2498 461 2534; x_wconf 84' lang='lat' dir='ltr'>est</span> <span class='ocrx_word' id='word_1_233' title='bbox 485 2500 694 2537; x_wconf 85' lang='lat' dir='ltr'>Labienus.</span> <span class='ocrx_word' id='word_1_234' title='bbox 725 2501 773 2539; x_wconf 80' lang='lat' dir='ltr'>cf,</span> <span class='ocrx_word' id='word_1_235' title='bbox 833 2500 883 2535; x_wconf 86' lang='lat' dir='ltr'>tis</span> <span class='ocrx_word' id='word_1_236' title='bbox 904 2500 1088 2535; x_wconf 81' lang='lat' dir='ltr'>creditam</span> <span class='ocrx_word' id='word_1_237' title='bbox 1118 2501 1263 2536; x_wconf 77' lang='lat' dir='ltr'>horum</span> <span class='ocrx_word' id='word_1_238' title='bbox 1286 2502 1480 2552; x_wconf 84' lang='lat' dir='ltr'>improbi-</span> 
     </span>
     <span class='ocr_line' id='line_1_32' title="bbox 137 2556 1481 2606; baseline 0.004 -17"><span class='ocrx_word' id='word_1_239' title='bbox 137 2559 174 2599; x_wconf 74' lang='grc'>4,</span> <span class='ocrx_word' id='word_1_240' title='bbox 209 2567 244 2595; x_wconf 82' lang='grc' dir='ltr'>ι,</span> <span class='ocrx_word' id='word_1_241' title='bbox 275 2567 364 2601; x_wconf 38' lang='grc' dir='ltr'><strong><em>ιι..</em></strong></span> <span class='ocrx_word' id='word_1_242' title='bbox 835 2566 964 2594; x_wconf 88' lang='lat' dir='ltr'>tatem.</span> <span class='ocrx_word' id='word_1_243' title='bbox 1023 2558 1086 2593; x_wconf 90' lang='lat' dir='ltr'>De</span> <span class='ocrx_word' id='word_1_244' title='bbox 1107 2558 1183 2606; x_wconf 83' lang='lat' dir='ltr'>ipsa</span> <span class='ocrx_word' id='word_1_245' title='bbox 1204 2556 1403 2595; x_wconf 89' lang='lat' dir='ltr'>locutione</span> <span class='ocrx_word' id='word_1_246' title='bbox 1428 2559 1481 2595; x_wconf 83' lang='lat' dir='ltr'>cf.</span> 
     </span>
     <span class='ocr_line' id='line_1_33' title="bbox 839 2614 1483 2663; baseline 0.005 -15"><span class='ocrx_word' id='word_1_247' title='bbox 839 2619 875 2657; x_wconf 83' lang='grc'>4,</span> <span class='ocrx_word' id='word_1_248' title='bbox 908 2623 947 2658; x_wconf 79' lang='lat'>5,</span> <span class='ocrx_word' id='word_1_249' title='bbox 981 2626 1018 2662; x_wconf 89' lang='lat'>9.</span> <span class='ocrx_word' id='word_1_250' title='bbox 1078 2614 1213 2655; x_wconf 88' lang='lat' dir='ltr'>Enim,</span> <span class='ocrx_word' id='word_1_251' title='bbox 1245 2628 1324 2663; x_wconf 90' lang='lat' dir='ltr'>quo</span> <span class='ocrx_word' id='word_1_252' title='bbox 1357 2615 1483 2652; x_wconf 79' lang='lat' dir='ltr'>levari</span> 
     </span>
     <span class='ocr_line' id='line_1_34' title="bbox 127 2669 1484 2721; baseline 0.001 -16"><span class='ocrx_word' id='word_1_253' title='bbox 127 2683 150 2702; x_wconf 28' lang='lat' dir='ltr'>‘v</span> <span class='ocrx_word' id='word_1_254' title='bbox 195 2679 259 2714; x_wconf 80' lang='lat'>14.</span> <span class='ocrx_word' id='word_1_255' title='bbox 290 2683 428 2718; x_wconf 80' lang='lat' dir='ltr'>magna</span> <span class='ocrx_word' id='word_1_256' title='bbox 443 2669 608 2720; x_wconf 81' lang='lat' dir='ltr'>responsi</span> <span class='ocrx_word' id='word_1_257' title='bbox 622 2672 775 2709; x_wconf 79' lang='lat' dir='ltr'>invidia.</span> <span class='ocrx_word' id='word_1_258' title='bbox 836 2669 871 2705; x_wconf 82' lang='lat' dir='ltr'>se</span> <span class='ocrx_word' id='word_1_259' title='bbox 903 2671 1013 2721; x_wconf 84' lang='lat' dir='ltr'>cupit</span> <span class='ocrx_word' id='word_1_260' title='bbox 1045 2671 1212 2720; x_wconf 83' lang='lat' dir='ltr'>Regius,</span> <span class='ocrx_word' id='word_1_261' title='bbox 1245 2672 1406 2708; x_wconf 79' lang='lat' dir='ltr'>inchoat</span> <span class='ocrx_word' id='word_1_262' title='bbox 1434 2671 1484 2707; x_wconf 86' lang='lat' dir='ltr'>il-</span> 
     </span>
     <span class='ocr_line' id='line_1_35' title="bbox 136 2722 1487 2778; baseline 0.004 -19"><span class='ocrx_word' id='word_1_263' title='bbox 136 2722 243 2760; x_wconf 77' lang='lat' dir='ltr'>Haec</span> <span class='ocrx_word' id='word_1_264' title='bbox 255 2739 300 2762; x_wconf 90' lang='lat' dir='ltr'>eo</span> <span class='ocrx_word' id='word_1_265' title='bbox 324 2727 509 2769; x_wconf 84' lang='lat' dir='ltr'>cernitur,</span> <span class='ocrx_word' id='word_1_266' title='bbox 524 2728 629 2776; x_wconf 88' lang='lat' dir='ltr'>quod</span> <span class='ocrx_word' id='word_1_267' title='bbox 646 2742 693 2765; x_wconf 85' lang='lat' dir='ltr'>ne</span> <span class='ocrx_word' id='word_1_268' title='bbox 705 2729 779 2765; x_wconf 81' lang='lat' dir='ltr'>hos</span> <span class='ocrx_word' id='word_1_269' title='bbox 837 2725 914 2762; x_wconf 88' lang='lat' dir='ltr'>lam</span> <span class='ocrx_word' id='word_1_270' title='bbox 926 2729 1070 2763; x_wconf 83' lang='lat' dir='ltr'>aurium</span> <span class='ocrx_word' id='word_1_271' title='bbox 1083 2730 1369 2775; x_wconf 77' lang='lat' dir='ltr'>mitigationem,</span> <span class='ocrx_word' id='word_1_272' title='bbox 1378 2727 1487 2778; x_wconf 78' lang='lat' dir='ltr'>quod</span> 
     </span>
     <span class='ocr_line' id='line_1_36' title="bbox 141 2781 1322 2836; baseline 0.005 -19"><span class='ocrx_word' id='word_1_273' title='bbox 141 2781 299 2828; x_wconf 85' lang='lat' dir='ltr'>quidem</span> <span class='ocrx_word' id='word_1_274' title='bbox 338 2784 448 2821; x_wconf 80' lang='lat' dir='ltr'>viros</span> <span class='ocrx_word' id='word_1_275' title='bbox 488 2784 537 2820; x_wconf 80' lang='lat' dir='ltr'>ad</span> <span class='ocrx_word' id='word_1_276' title='bbox 580 2785 782 2827; x_wconf 82' lang='lat' dir='ltr'>summam,</span> <span class='ocrx_word' id='word_1_277' title='bbox 839 2785 968 2836; x_wconf 78' lang='lat' dir='ltr'>ipsum</span> <span class='ocrx_word' id='word_1_278' title='bbox 987 2785 1145 2822; x_wconf 85' lang='lat' dir='ltr'>monuit</span> <span class='ocrx_word' id='word_1_279' title='bbox 1163 2785 1322 2823; x_wconf 77' lang='lat' dir='ltr'>Badius.</span> 
     </span>
    </p>
   </div>
  </div>
 </body>
</html>
