1676 3028
269 192 360 246 168
577 196 650 241 M.
687 198 819 242 ΕΑΒ.
857 197 1264 256 QU‘lNTlLlANl

267 317 363 380 qui
397 316 697 383 parciffime‚
738 318 915 366 decem
950 321 1098 367 annis
1137 319 1320 369 dicunt
1352 321 1582 370 elabora·

269 401 398 448 111111,
432 393 498 440 ad
529 403 786 441 oratorem
824 394 961 442 nihil
990 395 1240 458 pertinet:
1288 399 1432 455 cujus
1462 396 1585 443 nul-

266 466 381 514 lum
404 469 523 523 erit,
556 465 597 514 si
623 478 724 516 tam
753 469 958 517 tardum
980 468 1166 526 fuerit,
1205 470 1474 522 auxilium.

374 544 430 589 V.
504 544 807 591 Proximum
852 542 950 600 est,
1000 555 1082 592 ut
1122 544 1378 601 dieamus,
1454 561 1586 609 quae

264 619 543 681 praecipue
585 613 859 687 scribenda
909 617 1022 666 fint.
1128 623 1242 667 Hoc
1303 620 1587 668 exuberan-

272 692 338 740 tis
403 690 622 756 quidem
696 691 768 740 est
843 695 1039 757 operis,
1128 705 1189 742 ut
1257 695 1587 759 explicemus,

276 840 392 876 Goth.
425 842 510 883 (tac.
534 842 660 885 Gesn.)
691 843 761 878 nisi
791 843 897 890 quod
924 857 992 892 per
1029 846 1058 879 1.
1079 842 1237 892 Reliqui
1254 841 1528 892 Smyrnam.>cf.
1552 853 1588 889 9,

276 904 314 935 2,
346 894 408 938 64.
441 897 535 931 item
564 898 647 933 VV.
666 899 756 932 DD.
789 898 833 932 ad
854 899 941 934 Tac.
967 899 1101 934 Annal.
1125 905 1160 942 4,
1196 900 1260 943 56.

361 954 421 998 qui
438 951 647 1001 parciffime.
678 953 806 988 Turio.
836 967 869 1001 q.
902 953 1163 1003 partzffimum,
1197 969 1217 990 a
1245 956 1313 992 sec·
1343 967 1395 990 m.
1431 950 1591 1003 parcrſji·

275 1019 383 1040 mum.
406 1006 520 1041 Goth.
553 1006 639 1054 (tac.
663 1008 790 1055 Gesn.)
818 1009 947 1058 Camp.
978 1024 1085 1058 quum
1100 1025 1138 1058 p.
1358 1017 1443 1044 tam.
1475 1007 1590 1044 Goth.

276 1064 362 1104 (tac.
382 1059 512 1107 Gesn.)
541 1063 698 1098 omittit.

367 1131 400 1153 1.
424 1116 615 1165 scribenda
627 1117 716 1168 sint.
745 1118 875 1155 Turio.
904 1118 1006 1155 Flor.
1043 1118 1170 1155 Guelf.
1199 1120 1330 1168 Camp.
1349 1119 1477 1157 zoeth.
1497 1119 1595 1156 Jens.

278 1175 367 1213 (tac.
402 1173 531 1215 Gesn.)
561 1171 696 1222 fisum
735 1187 822 1210 cum
857 1173 940 1209 edd.
970 1186 1054 1210 ante
1087 1175 1176 1209 Bad.
1215 1175 1340 1210 Modo
1369 1171 1419 1222 est
1448 1174 1597 1210 omittit

277 1226 381 1263 Flor.
418 1242 436 1261 a
468 1240 526 1275 pr.
556 1241 607 1263 111.
646 1229 937 1277 Inscriptionem
970 1241 1094 1265 autem
1123 1228 1268 1264 nullam
1300 1230 1442 1266 habent
1471 1242 1595 1278 neque

278 1280 368 1322 hic,
418 1295 540 1329 neque
566 1283 608 1317 in
636 1284 816 1332 proximo
850 1284 994 1332 capite,
1043 1286 1172 1319 Turio.
1205 1284 1306 1320 Flor.
1340 1285 1470 1332 Camp.
1524 1284 1598 1320 Sed

277 1337 405 1373 Guelf.
439 1349 476 1373 et
507 1338 623 1374 Goth.
673 1340 775 1389 Quae
796 1338 990 1386 scribenda
1011 1338 1210 1388 fint(1·ell.
1235 1338 1325 1388 sunt
1357 1350 1440 1375 ante
1471 1339 1598 1382 Bafil.)

280 1395 475 1441 praecipue
496 1405 583 1427 cum
606 1394 688 1428 edd.
710 1404 793 1429 aute
815 1395 922 1430 Gesn.
947 1407 1024 1443 exc.
1047 1395 1143 1430 Obr.
1356 1396 1445 1429 Hoc.
1466 1395 1598 1431 Turio.

281 1448 379 1482 Haec
410 1461 497 1483 cum
522 1450 617 1486 Jens.
642 1449 754 1483 Tarv.
786 1449 848 1483 hec
878 1451 1008 1497 Camp.
1040 1459 1126 1484 cum
1148 1450 1263 1485 Goth.
1283 1450 1388 1487 Voss‘.
1418 1460 1454 1486 2.
1488 1449 1534 1488 cf.
1560 1455 1597 1493 8.

283 1502 319 1541 6,
353 1513 387 1537 2.
574 1503 811 1538 exuberantis.
840 1504 970 1539 Turio.
1000 1505 1253 1550 experantibus
1276 1505 1325 1538 id.
1355 1517 1375 1538 a
1395 1505 1461 1540 sec.
1483 1517 1598 1538 manu

280 1555 573 1605 elfupemntilms
599 1559 647 1593 ιἰἶ.
679 1558 780 1593 Flor.
812 1560 849 1600 (a
868 1572 924 1606 pr.
946 1557 1017 1605 111.)
1049 1572 1091 1593 ex
1121 1559 1381 1606 imperantibus
1411 1559 1471 1600 id,
1510 1571 1599 1593 cum

281 1611 408 1647 Guelf.
429 1613 532 1649 Voss'.
565 1627 596 1647 1.
629 1621 664 1655 5.
695 1612 785 1657 (nisi
811 1613 916 1661 quod
938 1614 978 1647 in
1001 1614 1062 1648 his
1087 1615 1210 1649 tribus
1231 1614 1269 1648 id
1290 1610 1600 1662 non'comparet)

281 1666 378 1704 Jens.
412 1671 504 1709 (err.
527 1668 652 1710 Gesn.)
681 1669 795 1704 Tarv.
828 1669 870 1703 ld
898 1679 1022 1703 tamen
1052 1679 1088 1703 et
1110 1669 1225 1704 Goth.
1258 1668 1385 1704 habet.

369 1723 512 1772 quidem
546 1720 594 1770 est
640 1725 770 1769 operis.
821 1723 950 1758 Turic.
1000 1738 1070 1774 qua
1109 1725 1204 1759 idem
1230 1725 1354 1770 oporis
1415 1727 1489 1768 (an
1527 1723 1603 1759 fuit

283 1777 500 1820 lab01·is?),
543 1792 561 1812 a
582 1778 649 1812 sec.
671 1791 721 1811 m.
763 1781 847 1825 quia
869 1779 963 1812 idem
984 1781 1112 1825 operis.
1153 1778 1255 1814 Flor.
1293 1780 1333 1824 (a
1352 1792 1408 1827 pr.
1431 1780 1502 1824 m.)
1531 1792 1604 1827 qua

283 1833 322 1865 id
355 1834 481 1879 operis.
522 1835 566 1868 In
587 1832 662 1867 hoc
685 1833 802 1868 inciso
841 1835 985 1883 que'dem
1015 1833 1139 1869 alieno
1173 1834 1223 1868 est
1249 1833 1349 1874 loco,
1380 1834 1410 1868 [ἰ
1440 1834 1604 1869 refertur

283 1887 328 1921 ad
359 1888 457 1928 Hoc,
488 1899 525 1924 et
553 1887 702 1923 facilius
733 1889 945 1936 applicetur
979 1890 1035 1928 ei,
1076 1889 1177 1936 quod
1217 1889 1259 1924 in
1289 1887 1602 1937 plerisqueffett.

283 1943 491 1984 antecedit,
524 1944 573 1978 id.
633 1944 732 1978 Tum
770 1954 928 1992 reponat
959 1943 1097 1992 aliquis
1127 1946 1225 1978 Haec
1255 1945 1502 1991 exupe1·ant1's‚
1534 1943 1604 1978 ubi

282 2007 407 2032 tamen
445 2012 568 2046 neque
599 2000 698 2033 Haec
725 1997 922 2046 placuerit,
957 2011 1080 2046 neque
1114 1998 1313 2046 vulgarius
1345 1998 1507 2033 verbum
1529 1999 1604 2034 suc-

283 2053 417 2087 cedens
451 2053 691 2101 exquifitiori
721 2054 957 2088 exuberantis.
1015 2055 1074 2089 An
1105 2054 1226 2100 igitur
1254 2054 1322 2088 Hic
1352 2052 1424 2088 erit
1442 2053 1605 2100 proban-

285 2107 375 2141 dum
399 2121 486 2154 prae
526 2109 634 2143 Hoc?
685 2109 890 2145 Libentius
921 2119 1062 2147 tamen,
1113 2109 1295 2156 quoniam
1341 2105 1391 2156 est
1430 2106 1557 2143 exulat
1585 2121 1605 2142 e

281 2162 557 2202 vemstiffimis,
586 2163 703 2198 modo
737 2164 1094 2210 transpositionibus
1126 2163 1320 2212 indulgeri
1349 2162 1480 2211 poffit,
1514 2162 1606 2198 haec

286 2230 438 2252 eruam:
481 2219 559 2253 Hoc
587 2219 731 2267 quidem
762 2219 989 2254 exuberantis
1013 2218 1067 2267 sit
1097 2220 1226 2266 operis.
1271 2219 1317 2254 cf.
1347 2231 1417 2258 1ο,
1466 2232 1507 2259 ι,
1541 2224 1604 2261 58.

284 2272 377 2306 item
402 2273 522 2319 l1ic§.
550 2285 610 2319 19.
643 2283 679 2307 et
703 2282 740 2315 5.
775 2285 806 2312 1,
839 2283 875 2316 5.
908 2275 964 2309 Sit
993 2284 1215 2321 corruptum
1235 2274 1277 2308 in
1309 2273 1358 2308 id.
1388 2272 1459 2308 Ille
1479 2279 1607 2308 autem

287 2326 475 2362 ablativus
515 2329 774 2375 imperantibus
814 2339 923 2363 natus
956 2343 1001 2365 ex
1028 2328 1126 2364 male
1158 2327 1306 2363 divulso
1347 2340 1402 2363 ex.
1461 2327 1606 2369 Similis

285 2381 370 2417 usus
399 2387 462 2417 τοῦ
481 2382 535 2431 sit
562 2395 633 2431 pro
660 2383 779 2430 fuerit:
812 2393 858 2426 7.
890 2395 934 2430 9,
970 2391 1006 2427 5.
1223 2383 1446 2431 explicemus.
1477 2382 1605 2419 Turio.

286 2502 452 2538 fabulam
500 2503 683 2539 scenicam
729 2515 918 2553 acceptam
974 2503 1198 2539 Plutarchus
1224 2513 1348 2538 narrat
1369 2503 1411 2538 iu
1431 2503 1510 2539 vita
1533 2503 1607 2539 Iso·

285 2568 385 2591 recte
405 2569 510 2593 notat
531 2560 690 2607 Capper.
975 2560 1098 2595 cratis.

342 2614 405 2660 qui
439 2612 648 2661 parcfflme.
710 2614 789 2649 Alii
814 2615 917 2649 enim
1035 2628 1064 2648 1.
1097 2615 1175 2648 Hoc
1196 2631 1250 2639 —
1273 2609 1320 2659 est
1349 2613 1479 2660 operis.
1524 2611 1604 2647 vid.

286 2667 506 2715 quindecim
529 2681 644 2704 anuos
667 2669 857 2718 affignaut,
876 2680 918 2705 ut
972 2680 1068 2706 nott.
1097 2669 1197 2704 critt.
