1676 3028
318 259 414 320 27‘2
631 265 705 309 M.
740 265 871 308 FAB.
910 263 1316 321 QUINTILIANI

243 403 294 438 73
316 387 405 436 sed
435 387 587 434 etiam
615 382 903 433 necessario.
978 384 1258 434 Diversum
1295 387 1357 435 ab
1386 388 1504 445 hoc,
1542 387 1631 436 sed

312 462 532 518 facilius,
573 475 695 509 cum
727 459 1008 507 hominum
1035 470 1124 506 aut
1152 461 1350 524 alioqui
1376 464 1627 526 turpium,

313 549 402 587 aut
434 537 586 585 nobis
618 533 910 582 invisorum
934 534 1185 598 quaedam
1219 534 1348 583 facta
1371 537 1627 586 laudanda

312 613 441 661 sunt.
555 613 718 659 Decet
768 611 908 657 enim
954 627 1063 657 rem
1104 609 1267 676 ipsam
1310 612 1528 676 probare
1570 615 1627 662 in

313 687 667 751 qualicunque
722 684 952 749 persona.
1069 687 1216 733 Dixit
1274 688 1457 736 Cicero
1521 705 1626 751 'pro

312 763 536 810 Gabinio
573 772 625 809 et
648 764 698 808 P.
720 762 942 817 Vatinio,
983 760 1334 810 inimiciffimis
1367 774 1510 810 antea
1533 762 1631 810 sibi

311 837 636 893 hominibus,
660 847 710 883 et
727 837 784 883 in
807 853 940 900 quos
966 838 1225 884 orationes
1247 839 1400 885 etiam
1422 836 1631 902 scripse-

311 923 415 960 rat:
457 929 644 960 verum
665 911 808 960 causa
831 911 959 971 justa
991 911 1055 959 fit
1079 910 1318 970 fatendo,
1358 930 1467 961 non
1483 911 1536 964 se
1563 913 1630 960 de
1660 951 1676 960 ..

241 1004 291 1043 74
311 989 513 1053 ingenii
536 986 696 1046 fama,
731 986 820 1034 sed
850 986 914 1034 de
940 985 1043 1035 fide
1067 984 1162 1035 elle
1185 985 1460 1036 solicitum.
1511 987 1630 1037 Dif-

311 1063 501 1112 ficilior
517 1064 566 1110 ei
585 1064 715 1111 ratio
738 1063 793 1110 in
817 1062 1015 1122 judicio
1029 1063 1341 1111 Cluentiano
1364 1062 1482 1119 fuit,
1506 1081 1629 1111 cum
1674 1068 1676 1070 ’

310 1137 682 1205 Scamandrum
709 1135 902 1186 necesse
921 1138 1131 1185 liaberet
1151 1137 1321 1186 dicere
1338 1148 1628 1196 nocentem,

311 1267 384 1306 illi}
415 1282 600 1305 commune
627 1283 656 1304 r.
686 1282 716 1321 e.
749 1266 927 1316 m‘si'tota
947 1288 999 1295 —-
1023 1270 1177 1303 caritas.-
1230 1277 1418 1316 praeterea
1444 1266 1549 1316 causa
1574 1267 1630 1316 sil,¹

309 1325 516 1374 (pendente
549 1324 624 1359 hoc
657 1324 905 1369 conjunctivo
941 1324 1074 1358 itidem
1116 1337 1135 1357 a
1165 1322 1260 1371 nisi)
1288 1337 1322 1358 n.
1348 1325 1376 1368 1‘.
1402 1318 1458 1372 sic
1487 1324 1630 1358 dicendi

311 1394 380 1420 etc.
409 1382 471 1417 Ne
496 1380 538 1415 id
560 1379 714 1426 quidem
739 1379 853 1413 fuerit
878 1378 1055 1417 nimium,
1086 1389 1129 1412 ut
1162 1379 1294 1414 scribas
1326 1380 1401 1413 Nec
1418 1378 1530 1412 ullum
1558 1388 1629 1426 pro

310 1438 389 1472 Hoc
422 1437 507 1471 illis.
569 1435 763 1470 Commune
800 1434 994 1468 remedium
1031 1433 1208 1480 intelligo
1244 1432 1433 1468 πανάκειαν
1462 1433 1631 1481 aliquam

308 1491 444 1540 (paulo
475 1490 584 1524 aliter
606 1502 719 1536 quam
739 1501 832 1523 mox
861 1492 893 1533 ᾖ.
920 1495 983 1531 37.
1014 1498 1051 1522 et
1083 1489 1164 1522 sane
1193 1478 1459 1534 plerumque);
1490 1487 1630 1523 multae

309 1547 410 1582 enim
431 1547 515 1580 sunt
535 1543 651 1579 nostri
670 1543 961 1581 admonitiones,
990 1556 1038 1576 ne
1063 1543 1160 1576 forte
1191 1542 1364 1589 discipuli
1389 1541 1647 1590 pensuadeant*

306 1601 389 1640 fibi,
419 1601 448 1635 si
478 1610 595 1635 certas
628 1598 806 1646 quasdam
842 1607 938 1631 artes
968 1597 1245 1644 perdidicerint
1274 1598 1416 1644 suoque
1448 1595 1535 1631 loco
1568 1597 1631 1631 ad-

306 1655 519 1695 hibuerint,
551 1656 625 1701 jam
649 1653 733 1688 satis
763 1654 832 1688 effe
852 1653 1046 1698 provisum
1070 1650 1302 1687 utilitatibus
1329 1651 1414 1690 suis,
1451 1659 1519 1685 nec
1540 1652 1630 1696 jam,

306 1723 351 1747 ut
383 1711 500 1746 totius
530 1709 714 1757 orationis
748 1708 830 1743 suae
860 1717 1161 1755 curaiugerant,
1192 1707 1334 1742 necesse
1370 1706 1451 1742 effe.
1516 1706 1630 1746 Valde

306 1766 441 1802 similis
466 1765 573 1799 locus
595 1763 642 1798 est
670 1769 708 1810 4,
741 1773 775 1802 2,
806 1768 920 1810 94-
936 1763 999 1808 96,

393 1829 455 1864 75.
487 1821 608 1855 Decet.
639 1818 740 1854 Flor.
771 1819 900 1864 Camp.
934 1819 1049 1853 Dicet.
1076 1819 1213 1865 Margo
1242 1817 1351 1853 Basil.
1381 1818 1502 1853 Licet.
1534 1817 1630 1851 Mox

307 1877 410 1913 Flor.
442 1888 559 1910 rerum
585 1887 677 1912 cumr
700 1874 800 1910 Alm.
833 1871 897 1916 (cf.
923 1874 1007 1919 65.)
1032 1873 1158 1908 Guelf.
1188 1887 1297 1908 reum.
1525 1870 1631 1919 causa

303 1930 402 1980 justa
423 1931 479 1978 fit
508 1929 679 1977 fatendo.
714 1929 843 1963 Tui-ic.
876 1926 976 1963 Flor.
1017 1929 1147 1977 Camp.
1188 1937 1223 1963 et
1246 1926 1345 1976 justa
1365 1927 1420 1977 sit
1438 1927 1626 1978 faciendo.

308 1987 434 2023 Guelf.
475 1995 510 2020 et
534 1982 632 2032 justa
654 1983 710 2032 sic
732 1983 908 2030 faciendo
938 1996 1023 2017 cum
1058 1983 1173 2019 Goth.
1214 1984 1317 2019 Voss.
1352 1993 1387 2018 2.
1430 1981 1526 2019 Vall.
1569 1983 1630 2025 (ut

306 2042 509 2091 significat,
533 2052 750 2087 quanquam
770 2051 848 2073 non
867 2038 1000 2072 diserte
1022 2039 1198 2086 prodens,
1219 2038 1377 2084 Badius)
1405 2037 1628 2076 Jens.Tarv.

305 2099 365 2132 Ex
388 2096 485 2131 Alm.
515 2092 674 2142 jufiafit
685 2094 858 2140 fatendo,
889 2106 950 2135 me
983 2093 1138 2140 quidem
1170 2093 1370 2128 incredulo
1392 2093 1456 2137 (cf.
1476 2092 1627 2135 modo),

308 2152 413 2200 quod
442 2151 563 2198 ipsum
598 2151 660 2185 dat
686 2149 784 2188 Am..
817 2162 904 2183 cum
932 2148 1143 2196 praeferant
1172 2149 1264 2183 Loc.
1293 2149 1425 2186 Venet.
1455 2148 1562 2191 Rusc.
1591 2154 1628 2180 et

302 2205 400 2254 justa
426 2206 476 2253 fit
498 2205 670 2252 fatendo.
702 2203 858 2252 Reliqui
883 2203 992 2251 plane
1023 2204 1069 2238 ad
1095 2203 1295 2238 arbitrium
1326 2202 1439 2250 Regii
1464 2202 1627 2236 nostram

306 2262 449 2297 habent
468 2261 698 2307 scripturam.
719 2261 810 2294 Exc.
841 2262 988 2294 Samen.
1018 2258 1083 2293 hic
1104 2258 1222 2297 silent,
1252 2259 1345 2293 sicut
1367 2267 1406 2293 et
1424 2257 1466 2292 in
1488 2256 1626 2292 vicinis

306 2318 390 2352 satis
411 2317 529 2362 longo
548 2314 765 2351 intervallo.
809 2317 855 2349 In
875 2314 979 2348 hisce
1002 2314 1164 2360 potuisse
1185 2313 1414 2361 acquiescere
1434 2313 1514 2349 VV.
1534 2312 1626 2345 DD.

305 2385 419 2419 quam
438 2370 602 2406 maxime
621 2371 754 2405 miror.
786 2371 895 2404 Unde
917 2369 1065 2404 tandem
1085 2367 1184 2402 illud
1203 2368 1256 2416 se,
1285 2368 1314 2402 fi
1341 2366 1447 2415 causa
1475 2366 1523 2401 est
1543 2365 1626 2401 sub-

303 2426 478 2472 jectum?
535 2427 586 2460 Et
617 2439 712 2474 quae
743 2425 792 2459 est
820 2425 941 2465 ratio,
983 2434 1026 2459 ut
1050 2420 1148 2471 justa
1186 2423 1314 2471 aliqua
1332 2423 1402 2457 fiat
1431 2421 1535 2456 causa
1565 2433 1624 2461 eo.

360 2547 424 2582 75.
457 2551 524 2585 pro
554 2537 712 2573 Gabinio
745 2544 780 2570 et
798 2536 837 2570 P.
865 2535 937 2570 Va·
1049 2548 1172 2570 verum
1200 2553 1254 2562 —-
1275 2531 1472 2581 solicitum.
1535 2530 1624 2567 vide

304 2597 406 2630 tinio.
433 2595 494 2628 Dc
525 2592 644 2627 altero
675 2592 722 2626 cf.
753 2592 830 2626 Cic.
864 2603 935 2638 pro
992 2602 1087 2625 nott.
1113 2590 1212 2624 critt.

301 2650 429 2684 Rabir.
453 2649 631 2683 Postumo
654 2654 732 2691 c.8.
747 2647 838 2681 item
852 2645 936 2683 Val.
1050 2651 1112 2687 74.
1159 2644 1413 2678 Scamandrum
1431 2661 1487 2671 --
1507 2643 1624 2677 dicere

303 2706 406 2739 Max.
433 2710 466 2745 4,
491 2713 526 2739 2.
549 2703 629 2736 Dio
651 2703 741 2738 Cass'.
765 2711 849 2748 59.:
890 2701 935 2735 de
992 2709 1188 2735 nocentem.
1214 2699 1379 2748 cimpro
1398 2698 1482 2736 Clu.
1503 2710 1534 2734 c.
1560 2707 1634 2742 17„

303 2759 421 2795 altero
441 2771 510 2794 nos
532 2758 577 2793 ad
597 2758 631 2797 6,
665 2773 700 2799 ι,
739 2766 799 2800 15.
991 2756 1092 2806 seqq.
