1676 3028
359 201 842 274 msrsonxront
875 221 1006 268 mnf
1030 219 1106 278 X,
1145 235 1188 279 7.
1339 227 1452 279 :215

0 368 31 402 ¹3-
60 373 64 375 “
82 354 446 408 intermittere
488 343 755 404 veremur.
827 348 1042 401 Rursus
1086 350 1146 398 in
1184 348 1297 396 alia
1327 349 1452 416 plus

62 433 244 503 'prior
274 429 508 491 confert
540 431 690 481 vocis
727 427 1075 486 firmitatem,
1093 427 1201 476 oris
1229 425 1452 474 facilita-

96 522 231 571 tem,
269 522 480 562 motum
514 508 797 575 corporis,
819 506 916 578 qui
953 516 1005 554 et
1041 503 1177 571 ipse,
1226 514 1288 553 ut
1321 502 1452 561 dixi,

95 591 285 639 excitat
323 581 614 648 oratorem,
654 595 705 634 et
733 584 1007 646 jactatione
1042 599 1255 639 manus,
1295 574 1471 648 pedis‘

86 664 457 732 supplofione,
494 662 629 713 ficut
662 661 826 712 cauda
850 662 1031 711 leones
1051 658 1222 708 facere
1261 658 1455 707 dicun-

93 751 211 800 tur,
249 742 506 792 hortatur.
586 738 921 789 Studendum
953 753 1084 787 vero
1126 735 1357 802 semper,
1398 744 1453 783 et

89 814 318 886 ubique,
396 801 591 884 Neque
619 819 765 865 enim
798 814 910 873 fere
933 826 1039 864 tam
1058 798 1143 863 est
1163 813 1310 864 ullus
1332 811 1445 862 dies

91 905 410 962 occupatus,
486 905 549 944 ut
590 893 732 942 nihil
763 893 1083 954 lucr-ativae,-
1161 901 1225 940 ut
1255 891 1446 940 Cicero

61 974 73 977 ⁴
94 973 319 1022 Brutum
346 970 517 1021 facere
550 969 724 1041 tradit,
765 986 955 1036 operae
989 969 1055 1017 ad.
1088 961 1446 1035 scribendum,

178 1106 352 1129 veremur.
388 1093 522 1128 Turio.
548 1091 652 1128 Flor.
672 1090 757 1135 (hic
779 1104 873 1140 apr.
893 1092 965 1135 m.)
987 1090 1056 1126 del
1046 1103 1197 1126 eremus
1224 1102 1315 1124 eum
1338 1087 1443 1124 Alm.

178 1151 215 1184 in
234 1150 313 1185 alia
332 1150 414 1196 plus
432 1151 548 1197 prior.
592 1149 655 1184 Sic
689 1145 1310 1197 Tu1·ic.l'·'lor.Guelf.Camp.
1351 1158 1444 1181 cum

89 1217 212 1259 marg.
252 1205 364 1242 Bam.
394 1207 417 1241 ι’.
440 1221 474 1242 a.
491 1207 597 1255 prior
615 1205 698 1253 plus
740 1196 859 1240 Goth.
901 1217 991 1239 cum
1011 1190 1118 1242 VoII'.
1138 1214 1173 1240 2.
1195 1212 1232 1247 5.
1271 1199 1372 1239 Vall.
1406 1214 1445 1238 ei:

86 1261 179 1298 ‘edd.
206 1275 250 1298 ai
257 1274 292 1298 te
312 1261 399 1298 Ald.
433 1262 502 1311 qui
535 1266 627 1307 (err.
650 1262 804 1305 Burm.)
836 1260 902 1296 illa
933 1261 1012 1296 alia
1033 1275 1090 1309 pr.
1111 1259 1164 1310 pl.
1205 1259 1309 1298 Voss‘.
1337 1272 1372 1294 ι.
1403 1259 1458 1311 i'ss‘-

91 1317 160 1354 illa
176 1333 233 1367 pr.
253 1318 307 1367 pl.
337 1319 438 1354 Mox
459 1331 547 1353 cum
571 1317 692 1352 Badio
710 1316 858 1365 reliqui
888 1317 956 1352 illa
977 1331 1034 1366 pr.
1055 1317 1108 1364 pl.

118 1372 397 1421 firmitatem
423 1394 480 1403 —
502 1373 746 1423 facilitatem.
796 1373 1156 1423 Camp.firn11itate
1181 1391 1234 1400 ·—
1251 1370 1444 1420 facilitate

90 1442 182 1466 eum
213 1431 332 1467 Goth.
371 1431 475 1468 Voss'.
498 1442 535 1466 2.
576 1429 678 1466 Alm.
711 1428 850 1474 (nihil
880 1429 953 1464 tale
985 1429 1259 1477 F101.cf.§.
1284 1428 1365 1471 16)
1407 1438 1446 1465 et

87 1481 177 1523 edd.
198 1496 283 1522 ante
301 1485 413 1525 Laid.
436 1499 516 1522 exc.
539 1486 650 1522 Basil.
678 1499 754 1521 acc.
782 1485 904 1521 Ron.
918 1485 992 1521 Sed
1013 1485 1097 1534 post
1119 1485 1252 1534 Camp.
1277 1494 1315 1520 et
1342 1493 1445 1520 motu

87 1555 163 1593 pro
193 1551 344 1579 motum.
376 1543 484 1584 Inde,
515 1555 588 1591 pro
609 1556 663 1583 ea,
695 1555 811 1590 quam
831 1541 1070 1581 inveniebat,
1103 1552 1323 1576 ceterorum
1347 1538 1443 1577 'con-

83 1598 312 1641 'stitutione,
339 1598 441 1636 belle
473 1600 661 1636 Gesnerus
684 1598 869 1646 firmitati
887 1596 1164 1645 -facilitati,
1206 1607 1311 1633 motu
1342 1598 1386 1645 (i.
1412 1611 1444 1633 e.

86 1648 240 1701 ἠοῖαι).
484 1657 548 1706 qui
577 1664 613 1690 et
644 1654 732 1704 ipse.
777 1654 910 1690 Turio.
951 1653 1056 1690 Flor.
1112 1655 1196 1697 (hic
1227 1668 1246 1689 a
1280 1668 1340 1703 pr.
1370 1656 1444 1700 m.)

91 1725 186 1761 quae
217 1720 255 1748 et
283 1709 395 1761 ipsae.
436 1711 570 1761 Camp.
614 1725 708 1761 quae
735 1719 770 1746 et
801 1709 895 1759 ipsa.
1121 1713 1274 1747 excitat.
1308 1710 1444 1746 Turio.

92 1766 229 1818 Camp,
258 1769 433 1804 excitant.
464 1768 569 1804 Flor.
601 1774 637 1811 (a
654 1781 712 1816 pr.
737 1768 810 1814 m.)
850 1775 1032 1803 exertant.
1061 1767 1186 1804 Gebh.
1219 1768 1382 1816 (Crepp.
1404 1776 1443 1811 5,

82 1820 183 1869 18.)
210 1837 234 1869 ρ
254 1823 430 1860 Palatino
450 1824 559 1860 affert
578 1834 615 1860 et
646 1822 893 1859 commendat
926 1821 1098 1872 exsertat,
1117 1832 1221 1860 recte
1244 1824 1349 1871 impr
1353 1824 1445 1860 oba-

91 1886 156 1917 tus
174 1880 410 1920 Burmann,
429 1880 551 1916 homo
574 1881 651 1915 sine
674 1878 824 1926 judicio
845 1879 1083 1928 ingeniosus.
1114 1879 1162 1915 cf.
1180 1893 1242 1922 10,
1280 1893 1313 1921 ι,
1345 1890 1398 1925 7

179 1945 376 1973 oratorem.
403 1936 536 1975 Turio.
567 1945 728 1972 oratore.
758 1933 889 1971 Guelf.
921 1937 1146 1971 orationem.

180 2002 247 2035 27.
286 1993 382 2028 ullus
404 1993 483 2028 dies
509 1982 717 2041 occupatus.
766 1991 1045 2028 Tu1i0.Flor.
1097 1992 1183 2036 (hic
1216 2005 1235 2027 a
1272 2005 1331 2041 pr.
1367 1991 1441 2038 m.)

92 2048 179 2086 ullis
199 2050 399 2096 occupatis,
429 2049 490 2085 Ab
512 2048 615 2084 Alm.
638 2048 793 2084 nonnisi
823 2047 904 2083 dies
935 2047 1056 2083 abeffe
1080 2058 1269 2084 narratur·

181 2105 456 2149 lucrativae—
477 2118 624 2154 operae.
657 2105 721 2140 Sic
742 2103 869 2141 Guelf.
903 2103 1037 2153 Camp.
1078 2117 1168 2139 eum
1191 2104 1311 2142 Goth.
1343 2103 1446 2144 Vall.

94 2192 119 2215 ’ἱ
153 2205 288 2240 iii'cilia
306 2224 361 2233 -—
378 2207 478 2241 vocis
504 2203 740 2252 firmitatem.
854 2204 1079 2240 Studend'um
1100 2225 1155 2232 —-
1178 2206 1322 2256 ubique.
1382 2204 1448 2241 Al-

86 2263 201 2308 *H-aec
248 2261 418 2297 ineunda
468 2261 519 2296 est
570 2260 743 2296 struendi
796 2259 1028 2296 melovenus
1055 2272 1092 2297 et
1111 2261 1448 2310 Capperonnerius

86 2319 209 2359 ⁷rat‘i'o,
239 2327 283 2353 ut
301 2317 507 2352 accusativi
525 2316 598 2357 illi,
617 2315 742 2364 firmi-
797 2316 973 2352 indicant
1033 2315 1166 2352 locum
1227 2318 1448 2355 tanctiffimi

93 2380 232 2415 tatem,
281 2372 533 2421 facilitatem,
589 2381 742 2413 motum,
797 2371 1028 2426 philosophi
1053 2373 1098 2409 de
1118 2376 1239 2423 Legg
1274 2374 1376 2412 libro
1409 2385 1447 2420 7

93 2429 293 2480 epexegesi
330 2430 556 2470 inserviant,
603 2427 744 2478 pende·
787 2420 988 2478 safflki'num
1057 2442 1128 2466 nec
1189 2431 1450 2467 in'termiffum

85 2496 238 2535 ‘amque
262 2500 282 2521 a
302 2486 590 2536 praepositione
618 2488 667 2522 in.
788 2479 913 2520 snocte
951 2485 1114 2535 dieque
1133 2487 1301 2523 studium
1341 2500 1449 2523 com-

149 2547 192 2578 at
213 2542 304 2578 dixi.
340 2554 402 2582 10,
424 2550 462 2586 5,
493 2551 559 2578 2ι.
590 2542 742 2578 Frustra
796 2542 1043 2577 mendantem
1078 2543 1342 2592 ingenuorum
1369 2554 1406 2580 et
1427 2553 1450 2578 'a

84 2598 280 2634 ‘'Gesnerus
301 2598 459 2647 respicit
478 2598 525 2634 ad
550 2612 584 2639 1,
611 2607 647 2639 2,
674 2607 740 2641 5ι.
796 2597 963 2645 reliquis
995 2598 1194 2636 laboribus
1222 2601 1449 2637 vacantium

119 2653 330 2696 dicuntur,
354 2655 534 2691 hortatur.
568 2655 741 2690 Inruavis
794 2667 834 2704 p.
859 2655 990 2704 Steph.
1014 2661 1108 2700 807.
1136 2657 1171 2693 d.
1194 2670 1227 2692 e.

47 2710 49 2714 ⁴
96 2708 180 2745 Ioni
213 2710 380 2747 iteratio.
439 2712 502 2748 An
538 2711 742 2762 praestabit
858 2712 1133 2753 27.lucrativae
1154 2732 1192 2739 -
1210 2726 1355 2762 operae.
1366 2712 1452 2748 Pri-

98 2761 261 2803 seribere
281 2766 438 2805 dieunt?
795 2780 921 2810 mum,
955 2767 1028 2805 ubi
1049 2768 1127 2806 hoc
1146 2769 1271 2807 tradat
1288 2770 1450 2811 Cicero,

1468 833 1521 869 27
