1676 3028
263 245 294 289 -3
305 234 361 278 16
500 293 512 296 ξ
576 237 649 282 M⁶
684 237 815 282 FAB.
854 224 1258 296 QUINTILIANI

190 371 242 406 50
265 356 546 407 dicendum
570 357 710 407 effet:
729 354 1002 429 spiculum,
1028 357 1068 406 si
1083 358 1147 406 de
1169 360 1383 425 proelio.
1423 361 1567 410 Mul-

260 443 374 481 tum
413 436 554 482 enim
584 434 724 500 signa
753 432 972 491 faciunt,
1011 444 1061 480 et
1092 450 1154 481 ex
1186 436 1281 482 alia
1315 439 1564 490 memoria

257 511 405 569 venit
429 511 550 557 alia:
589 520 648 558 ut
670 526 787 558 cum
809 511 1079 558 translatus
1103 511 1327 560 annulus
1346 513 1430 559 vel
1451 513 1563 560 aui-

233 605 237 608 ’
257 594 404 648 gatus
427 596 750 635 commoneat
772 602 887 641 nos,
909 602 1002 632 cur
1024 584 1080 631 id
1102 583 1386 634 fecerimus.
1426 591 1562 634 Haec

254 660 416 723 magis
454 660 625 708 adhuc
669 660 981 724 astringunt,
1029 662 1122 723 qui
1163 662 1468 708 memoriam
1499 662 1561 709 ab

257 734 434 797 aliquo
467 733 625 789 simili
657 733 970 784 transferunt
1003 735 1068 782 ad
1096 735 1178 792 id,
1229 735 1374 798 quod
1401 737 1566 784 conti-

252 808 490 857 nendum
513 809 608 858 eft:
652 821 712 859 ut
731 813 788 858 in
811 802 1131 869 nominibus,
1153 810 1191 858 si
1212 808 1402 860 Fabius
1426 809 1563 860 forte

251 883 315 931 sit
334 885 604 943 tenendus,
631 885 912 936 referamus
933 886 997 934 ad
1014 887 1166 935 illum
1195 888 1561 944 Cunctatorem,

252 960 345 1024 qui
368 960 602 1010 excidere
623 979 733 1011 non
754 963 947 1027 potest:
988 974 1078 1010 aut
1098 962 1162 1009 acl
1185 964 1410 1025 aliquem
1435 963 1562 1009 ami-

252 1051 404 1092 cum,
444 1037 538 1100 qui
560 1037 701 1085 idem
732 1049 959 1086 vocetur.
1012 1036 1154 1100 quod
1177 1036 1247 1084 est
1269 1035 1476 1086 facilius
1502 1038 1560 1084 in

248 1110 430 1173 Apris,
469 1121 519 1158 et
536 1114 593 1160 in
624 1107 789 1184 Ursis,
830 1115 1002 1181 et'th
1032 1131 1136 1170 one,
1168 1123 1257 1161 aut
1280 1109 1477 1184 Crzspo,
1499 1122 1562 1160 ut

249 1251 319 1298 qui
343 1252 419 1287 hoc
447 1264 607 1301 reponat
635 1266 708 1302 pro
734 1252 824 1293 illo,
855 1267 990 1302 parum
1010 1253 1144 1288 critice
1170 1252 1292 1288 faciat.
1348 1255 1481 1300 Itaque
1512 1248 1561 1287 sic

246 1307 371 1355 legam
396 1309 512 1343 verba
532 1309 674 1343 nostra:
709 1310 786 1343 Hoc
807 1311 902 1343 enim
921 1307 969 1356 est
990 1322 1034 1343 ex
1054 1318 1132 1343 arte
1155 1308 1239 1347 illa,
1271 1321 1343 1342 non
1364 1308 1490 1342 inutile
1510 1307 1560 1341 ad

248 1375 309 1398 eos
331 1365 392 1410 qui
421 1364 589 1398 excidunt
608 1363 732 1411 sensus
754 1364 917 1412 (repetit
939 1377 1033 1411 quae
1065 1364 1182 1398 modo
1213 1360 1382 1398 dixerat:
1409 1375 1482 1397 non
1510 1358 1560 1408 eft

247 1419 376 1453 inutile
405 1421 458 1458 iis,
489 1434 580 1468 quae
609 1419 646 1452 di
681 1420 798 1454 icilius
826 1420 1011 1459 haereant,
1036 1420 1178 1467 aliquas
1200 1431 1382 1463 apponere
1403 1419 1560 1463 notas).·

245 1486 425 1513 ancoram,
458 1484 497 1508 ut
520 1472 634 1522 suprci
653 1473 838 1522 proposui,
861 1473 898 1521 si
921 1474 966 1508 cle
988 1487 1077 1509 nave
1099 1475 1166 1508 dic.
1190 1471 1286 1522 effer,
1310 1472 1504 1521 spiculum,
1518 1470 1558 1520 si

244 1530 290 1564 de
307 1530 540 1578 proel1'o.ad
560 1543 655 1577 quae
674 1529 720 1564 cf.
742 1529 774 1572 ᾗ.
797 1539 859 1564 20.

324 1604 388 1638 50.
421 1610 481 1630 cur
503 1595 551 1630 id.
583 1594 842 1630 Turic.F101-.
868 1594 992 1633 Guelf
1026 1608 1104 1629 cum
1124 1594 1190 1628 his
1220 1595 1333 1629 Taiv,
1366 1606 1442 1627 cum
1471 1591 1557 1628 haec

241 1661 330 1685 cum
348 1652 451 1687 Voff.
475 1661 511 1686 2.
544 1650 660 1685 Goth.
689 1663 766 1684 cum
790 1653 834 1685 iis
867 1651 963 1688 Jens.
1008 1651 1127 1685 Modo
1152 1647 1554 1698 Turic.Flor.Ca1np.

241 1717 476 1742 commoveat.
498 1705 613 1740 Goth.
635 1705 750 1752 paulo
773 1715 856 1740 ante
880 1716 914 1739 et
931 1704 1056 1753 supr-‚a
1087 1707 1178 1740 item
1199 1714 1236 1740 et
1251 1716 1345 1742 curn.

351 1764 413 1810 qui
442 1762 660 1796 memoriam.
698 1760 758 1794 Sic
778 1760 1031 1803 Tu1·ic.Flor.
1053 1759 1179 1796 Guelf.
1218 1758 1375 1807 Reliqui
1394 1771 1486 1809 quae
1506 1771 1552 1796 m.

238 1817 362 1852 Modo
385 1818 512 1864 Camp.
525 1813 726 1862 stringunt.

325 1892 390 1926 δι.
421 1893 456 1918 et
478 1885 514 1917 in
544 1881 650 1929 Ursis.
681 1883 742 1917 Sic
763 1882 891 1917 Turic.
914 1882 1017 1918 Flor.
1037 1881 1161 1918 Guelf.
1186 1882 1315 1929 Camp.
1338 1893 1424 1916 cum
1436 1880 1552 1916 Goth.

239 1949 276 1974 et
296 1940 380 1974 edd.
399 1949 482 1973 ante
503 1938 650 1986 Gryph.
680 1938 836 1985 Reliqui
860 1938 1044 1973 omittunt
1066 1940 1112 1973 in.
1149 1937 1268 1972 Modo
1289 1936 1414 1972 Guelf.
1434 1939 1550 1971 conci·

239 2002 406 2029 tutorem.
447 1995 544 2029 Mox
564 2006 635 2043 pro
656 1996 803 2028 nomina
824 1995 945 2028 omnia
963 1994 1091 2028 Tui-ic.
1117 1993 1215 2028 Flor.
1235 1991 1378 2032 Guelf.,
1399 1991 1549 2039 priores

238 2049 317 2085 duo
340 2050 497 2099 quidem
522 2059 558 2085 et
581 2053 619 2086 in
643 2050 807 2086 omnibus
827 2059 945 2086 antea.
982 2049 1080 2084 Mox
1103 2049 1230 2097 Camp.
1251 2049 1327 2082 Aut
1346 2047 1384 2082 id
1408 2060 1511 2082 mem.

290 2179 354 2213 50.
383 2180 424 2206 ut
452 2185 529 2206 cum
549 2189 607 2199 -—
627 2179 865 2206 commoneat.
979 2172 1016 2205 in
1027 2170 1144 2219 Apris,
1158 2171 1241 2205 etin
1259 2167 1362 2216 Ursis.
1392 2169 1550 2204 Utrum-

235 2226 282 2261 cf.
306 2233 341 2269 5,
368 2239 428 2267 10,
454 2233 517 2272 44.
620 2261 621 2265 ,
922 2240 995 2274 que
1018 2239 1230 2275 cognomen
1255 2223 1549 2271 in'iluibusdam
1600 2267 1602 2269 Ι

291 2285 407 2329 mizgis
437 2301 488 2308 —-
519 2279 722 2330 astringunt
746 2282 773 2318 i.
798 2281 864 2317 fir·
920 2282 1097 2330 gentibus
1119 2282 1338 2328 usurpatum
1360 2279 1418 2318 est,
1441 2277 1549 2314 velut

233 2338 356 2372 miora
376 2338 552 2379 reddunt,
578 2338 624 2373 cf.
650 2347 683 2378 2,
708 2349 743 2379 2,
758 2344 792 2382 4.
816 2338 861 2373 ad
919 2338 1027 2387 prius
1067 2337 1108 2371 in
1142 2336 1271 2371 Flavia
1314 2334 1415 2382 apud
1446 2332 1545 2369 Plin.

234 2404 347 2438 quem
367 2393 473 2428 usum
495 2392 540 2428 cf.
554 2393 768 2442 exemplum
782 2393 859 2430 Cic.
919 2407 1002 2441 epp.
1026 2400 1070 2436 5,
1099 2398 1144 2435 14
1158 2417 1167 2430 ,
1191 2397 1225 2435 4.
1256 2392 1296 2426 in
1316 2390 1424 2425 Arria
1443 2387 1546 2436 apud

232 2446 277 2480 ad
299 2450 374 2484 Att.
401 2460 460 2487 ιο,
482 2449 518 2484 6.
545 2449 879 2498 ,‚pate1·—quid-·
916 2449 1124 2497 Vopiscum
1150 2447 1191 2482 in
1214 2444 1462 2483 Numeriano,
1492 2442 1544 2477 al·

228 2504 350 2550 -.,quid
373 2516 443 2552 ego
462 2501 625 2551 astrinxi,
655 2505 834 2541 relaxat.“
917 2515 1040 2540 terum
1062 2503 1238 2550 frequens
1265 2502 1305 2536 in
1331 2499 1543 2545 inscriptio-

289 2561 385 2606 quotz
408 2561 662 2600 concinendum
684 2559 733 2608 efi·
752 2561 778 2595 i.
801 2573 859 2595 re·
916 2560 1029 2595 nibus
1047 2559 1147 2606 apud
1165 2559 1368 2592 Gruterum
1397 2564 1433 2588 et
1454 2554 1544 2587 Mu·

231 2612 443 2656 tinendum,
473 2626 516 2654 ut
542 2629 602 2656 10,
628 2626 663 2658 7,
687 2623 745 2660 ¹8·
914 2615 1116 2650 ratorium.
1200 2611 1421 2647 Artifieium
1465 2609 1542 2647 hoo

287 2679 353 2713 δι.
380 2675 479 2721 quod
501 2668 549 2717 efi
564 2670 727 2717 facilius.
775 2673 858 2707 Ma·
914 2669 1197 2705 mnemonicum
1221 2667 1288 2714 qui
1299 2667 1399 2700 inter
1413 2677 1542 2700 recen·

227 2723 298 2762 lim
316 2727 392 2763 fere
414 2741 482 2776 quo
500 2739 529 2761 e.
546 2724 583 2773 f.
914 2735 968 2760 tes
989 2720 1119 2760 studiis‘
1139 2721 1395 2761 adhibuerint,
1414 2732 1542 2756 recen·
