1676 3028
251 194 416 239 INST.
462 187 740 254 ORATOR.
783 185 906 232 LlB.
945 183 1018 239 X,
1055 194 1101 226 2.
1262 189 1358 235 123

11 326 249 394 plerique
266 359 280 380 ‚
321 335 444 369 cum
466 317 626 371 verba
657 332 718 364 ex
739 311 1069 379 orationibus
1095 306 1360 374 excerpse-

12 395 166 460 runu.
188 409 279 449 aut
307 397 516 462 aliquos
551 390 946 458 compositionis
983 398 1151 437 certos
1182 385 1359 452 pedes,

12 468 142 536 mire
178 494 205 525 a
228 473 296 534 se,
338 490 472 540 quae
510 473 768 537 legerunt,
810 466 994 532 effingi.
1013 465 1359 514 arbitrantur:

0 572 138 618 cum,
164 565 216 604 et
238 552 402 603 verba
435 547 752 599 intercidant
781 542 1204 606 invalescantque
1229 552 1363 589 tem-

14 632 258 700 poribus,
322 639 385 678 ut
419 644 653 692 quorum
688 622 952 690 certiffi'ma
994 619 1054 670 fit
1088 619 1269 685 regula
1302 618 1363 678 in

14 706 411 762 consuetudine,
448 720 614 770 eaque
642 719 756 751 non
780 699 870 749 sua
891 695 1198 770 natura-sint
1222 697 1364 744 bona

15 797 104 836 aut
122 786 286 835 malai
329 800 450 832 narn
479 799 574 849 per
607 778 657 828 se
690 778 807 828 soni
845 787 1049 826 tantum
1084 773 1231 824 sunt:
1275 771 1365 821 sed

16 873 178 930 prout
204 870 505 929 opportune
537 857 861 924 proprieque
898 864 990 902 aut
1024 851 1172 906 secus
1199 851 1366 905 collo-

16 950 125 989 cata
145 938 295 989 sunt:
337 947 388 984 et
410 934 723 1002 compofitio
749 949 871 981 cum
893 932 1050 980 rebus
1070 945 1367 978 accommo-

11 1016 134 1067 data
167 1013 254 1074 fit,
290 1024 408 1062 tum
438 1010 546 1078 ipsa
575 1011 826 1060 varietate
857 1007 1144 1074 gratiffima.
1224 1009 1366 1075 Qua-

100 1157 211 1195 verba
230 1161 295 1194 ex.
346 1155 564 1194 Sic⁴Turic.
582 1154 687 1191 Flor.
713 1153 798 1199 (hie
825 1166 844 1188 a
866 1166 925 1201 pr.
955 1152 1027 1199 m.)
1049 1152 1182 1199 Camp.
1203 1148 1367 1199 Reliqui

0 1215 188 1252 »inserunt
217 1215 413 1264 quaedam.
653 1210 707 1260 se,
740 1224 832 1259 quae
862 1210 1043 1258 legerunt.
1092 1207 1226 1243 Turic.
1249 1205 1367 1255 sequa

18 1272 227 1320 elegerunt,
277 1285 297 1307 a
329 1272 482 1318 [ecam.
506 1268 613 1318 sequi
643 1269 736 1316 eleg.
773 1266 894 1302 Goth.
934 1270 1022 1308 (tac.
1055 1265 1185 1308 Gesn.)
1222 1262 1267 1312 se
1299 1264 1369 1312 que

21 1329 218 1375 elegerunt.
257 1327 362 1363 Flor.
395 1326 527 1376 Camp.
565 1326 664 1365 Jens.
699 1327 788 1369 (tac.
823 1323 952 1364 Gesn.)
986 1320 1019 1370 s.
1053 1335 1146 1371 quae
1180 1320 1371 1367 elegerunt·

23 1397 112 1420 cum
135 1384 220 1421 edd.
245 1394 330 1420 ante
351 1384 463 1419 Leid.
487 1396 562 1418 acc.
594 1380 698 1417 Roll.
746 1380 819 1416 Sed
839 1377 967 1415 Guelf.
986 1378 1172 1414 nostrum.

109 1436 252 1490 ffugi.
309 1440 442 1475 Turio.
487 1438 646 1487 effendi‚
707 1451 727 1472 a
773 1437 841 1472 sec.
899 1449 1018 1471 manu
1059 1433 1215 1483 offendi.⁴
1266 1432 1372 1470 Flor-

14 1495 63 1543 (ι
82 1511 141 1547 pr.
162 1501 233 1541 m.)
275 1495 418 1545 effenci.
457 1496 562 1533 Voff.
588 1504 625 1537 5.
666 1491 816 1542 affingi.
859 1493 906 1528 cf.
933 1504 994 1534 10,
1027 1501 1064 1536 3,
1097 1497 1138 1538 4.

0 1596 1 1608 ἵ
109 1553 345 1589 arbitrantur.
387 1553 517 1588 Turic.
549 1550 654 1587 Flor.
684 1550 973 1586 arbitrabantur.
1210 1562 1289 1583 cum
1324 1550 1372 1584 eti

0 1610 157 1660 ''Turim
198 1609 302 1645 Flor.
340 1608 469 1645 Guelf.
518 1617 554 1643 et
585 1622 665 1643 cum
703 1620 804 1643 -cum
831 1605 935 1642 Alm.
972 1605 1071 1645 Jens.
1112 1606 1229 1641 Tarv.
1299 1603 1375 1640 Sed

25 1660 174 1703 omittit
192 1675 229 1701 et
248 1665 379 1715 Camp.
404 1679 493 1702 cum
520 1665 625 1701 Voff.
649 1675 687 1700 2.
722 1663 841 1700 Goth.
864 1673 902 1699 et
919 1661 1004 1699 edd.
1029 1673 1114 1698 ante
1136 1661 1243 1698 Bafil.

100 1723 344 1759 *intere-idam.
391 1723 488 1761 Jens.
512 1723 601 1767 (tac.
625 1721 754 1766 Gesn.)
775 1722 893 1758 Tarv.
926 1719 1158 1755 intercident.
1192 1719 1377 1756 Correxit

7 1778 183 1829 ’Regius.
441 1777 748 1827 invalescantque.
791 1777 925 1812 Turio.
970 1777 1104 1824 Camp.
1150 1774 1379 1824 invalescant

29 1848 118 1872 cum
144 1836 243 1874 Jens.
264 1836 380 1872 Tarv.
411 1844 448 1870 et
471 1833 697 1883 invalescant
725 1835 820 1869 Loe.
859 1845 947 1868 cum
965 1824 1064 1870 Vcn.
1085 1833 1195 1868 Rufe.
1217 1826 1379 1879 jubentia

27 1892 166 1940 Regio.
398 1905 525 1940 eaque.
575 1890 703 1927 Guelf.
745 1904 788 1925 ea
814 1903 919 1938 quae.
964 1881 1082 1924 G'oth.
1125 1891 1215 1934 (tac.
1247 1889 1378 1932 Gesn.)

31 1960 77 1994 qa
95 1948 170 1992 fine
192 1947 386 1986 enclitica.
619 1958 693 1982 non
707 1945 792 1996 sua.
823 1946 950 1982 Guelf.
972 1945 1108 1980 inserit
1117 1945 1220 1995 sunt.

116 2007 347 2053 proprieque.
378 2005 511 2041 Turio.
541 2005 703 2053 proprie.
909 2004 1187 2038 accommodata
1202 2001 1269 2051 sit,
1292 2010 1380 2038 tam.

14 2086 17 2088 v
35 2061 168 2109 Camp.
190 2059 401 2110 omittitfit
421 2075 511 2097 cum
530 2061 651 2096 Goth.
673 2070 711 2095 et
732 2060 817 2096 edd.
840 2071 926 2095 ante
945 2057 1055 2094 Bafil.
1082 2072 1162 2094 exc.
1182 2058 1270 2093 Ald.
1295 2056 1386 2107 sunt

16 2110 119 2167 post
149 2115 335 2152 collocata
371 2118 552 2155 omittere
579 2127 756 2152 narratur
775 2117 881 2156 Voss'.
910 2129 944 2151 ι.
975 2115 1046 2164 qui
1078 2126 1115 2151 et
1149 2123 1273 2150 tamen
1306 2113 1386 2164 ipsa

36 2184 110 2222 pro
132 2180 208 2207 tum
231 2173 256 2207 i.

97 2293 161 2329 13.
193 2285 416 2321 intercidant
441 2285 683 2335 invalescant·
739 2282 903 2335 pluralis
945 2297 1131 2321 numerus
1167 2285 1301 2332 deberi
1329 2285 1390 2321 vi·

36 2355 116 2390 que.
194 2341 418 2390 Unicuique
463 2342 684 2378 succurrant
742 2342 854 2377 detur
889 2339 1144 2377 librariorum
1182 2333 1390 2384 socordiae,

18 2397 166 2450 aversus
216 2397 447 2448 nqbiltffimi
475 2398 684 2434 Horatiani
742 2411 896 2448 quorum
928 2397 1109 2446 jungenti
1137 2398 1231 2434 huic
1277 2411 1391 2434 voca-

39 2453 172 2505 Multa
210 2453 440 2503 renascentur
477 2469 570 2504 quae
601 2457 684 2501 jam
741 2453 862 2492 bulo,
894 2466 994 2494 non,
1030 2465 1075 2489 ut
1093 2468 1162 2504 par
1186 2465 1284 2496 erat,
1314 2469 1392 2503 ver-

41 2509 199 2547 cecidere
249 2511 452 2561 cadentque
503 2521 573 2548 cet.
623 2512 684 2549 Ad
744 2511 808 2546 bis.
839 2510 974 2546 Potuit
996 2511 1110 2546 etiam
1130 2511 1392 2548 adhaerescere

21 2565 112 2601 εΡὶί.
141 2575 205 2610 7ο.
227 2566 327 2614 seqq.
349 2568 395 2602 cf.
420 2569 494 2616 Qu.
509 2574 544 2612 8,
569 2569 604 2609 6,
619 2578 684 2612 52.
745 2567 810 2602 bus
840 2580 887 2602 ex
923 2579 968 2602 eo
1005 2567 1111 2616 quod
1140 2569 1310 2617 sequitur
1341 2579 1392 2610 uc,

24 2620 120 2674 'Hic
177 2632 305 2657 autem
365 2635 497 2660 contra
553 2638 688 2661 ornnes
748 2637 837 2659 cum
861 2623 1019 2671 antiqua
1041 2624 1191 2660 ratione
1211 2625 1394 2675 scriptum

45 2677 204 2731 guidem
226 2677 351 2715 libros
381 2692 570 2729 reponere
591 2680 691 2717 libet
750 2680 840 2715 effet
872 2681 1044 2726 tempori.
1093 2681 1141 2716 cf.
1173 2690 1218 2725 5,
1250 2689 1296 2727 g,
1334 2693 1395 2725 17.

47 2741 209 2784 tempore
235 2747 309 2784 pro
349 2737 590 2785 temporibus,
622 2737 694 2786 qui
749 2737 895 2772 Eadem
929 2749 1046 2786 opera
1080 2742 1183 2774 fecte
1215 2740 1398 2776 rescribas
