1676 3028
357 290 521 338 1NsT.
557 290 833 337 ORATOR.
869 276 1121 345 L113.x1‚
1159 299 1206 343 3.
1351 289 1454 349 369

110 414 234 468 nisu
255 416 435 464 minus
459 417 593 463 clara
617 415 714 474 est,
752 426 803 465 et
822 415 1035 464 interim
1056 410 1220 486 elisa
1204 431 1263 463 111
1290 415 1450 464 illum

111 492 305 542 sonum
326 493 574 557 erumpit,
597 493 686 542 cui
709 494 892 541 Graeci
912 509 1109 542 nornen
1131 511 1159 540 a
1184 493 1448 556 gallorum
1557 545 1558 550 ,

38 591 40 594 ·
112 571 405 621 immaturo
452 579 608 618 cantu
650 569 923 619 dederunt.
981 570 1096 617 Nec
1127 567 1452 619 volubilitate
1475 582 1526 621 52

115 647 282 698 nimia
306 645 699 705 confundenda,
722 665 857 711 quae
881 646 1132 695 dicimus:
1170 663 1275 711 qua
1299 657 1350 694 et
1370 645 1453 695 di-

117 721 326 773 stinctio
364 723 528 790 perit,
586 734 637 789 el:
669 720 908 783 affectus;
971 733 1023 771 et
1059 740 1454 788 nonnunquam

117 801 278 849 etiam
313 800 473 849 verba
501 799 676 865 aliqua
708 799 789 849 sui
812 810 956 866 parte
973 799 1303 849 fraudantur.
1347 800 1454 849 Cui

119 877 446 926 contrarium
467 874 539 924 est
562 877 755 926 vitium
780 879 975 925 nimiae
995 877 1267 924 tarditatis.
1310 878 1456 925 Nam

119 963 172 1002 et
195 951 552 1001 difficultatem
580 954 894 1002 inveniendi
919 952 1128 1010 fatetur,
1167 964 1218 1001 et
1233 952 1456 1017 segnitia

117 1027 277 1079 solvit
305 1029 537 1088 animos,
575 1039 642 1087 et,
678 1031 736 1078 in
760 1046 870 1095 quo
890 1029 964 1078 est
986 1029 1207 1095 aliquid,
1250 1041 1456 1097 tempo-

110 1183 276 1235 suffocat
288 1183 421 1223 Turio.
444 1184 549 1222 Flor.
580 1185 740 1235 Reliqui
753 1183 955 1235 suffocata,
977 1187 1020 1222 in
1042 1199 1121 1236 quo
1142 1185 1190 1222 est
1207 1198 1350 1235 pravus
1371 1197 1455 1232 par-

117 1241 247 1290 ticipii
274 1251 455 1289 tanquam
485 1243 666 1290 adjectivi
698 1243 783 1278 usus
816 1243 881 1287 (ef.
910 1258 971 1285 ιι,
999 1253 1034 1284 2,
1067 1247 1164 1286 zm).
1207 1245 1304 1278 Mox
1322 1242 1456 1276 Turic.

118 1297 207 1348 usu,
238 1296 368 1332 Guelf.
386 1298 503 1334 Goth.
529 1301 616 1344 (tac.
640 1300 769 1346 Gesn.)
791 1301 923 1348 Camp.
948 1303 1036 1334 nixu
1055 1313 1143 1335 curn
1165 1300 1266 1334 Voss.
1283 1308 1318 1333 2.
1346 1299 1391 1332 cf.
1417 1304 1458 1342 8,

119 1358 160 1401 4,
184 1364 221 1400 9.
255 1361 292 1392 2,
331 1363 392 1392 12,
426 1365 461 1391 2.
490 1355 618 1391 Guelf.
642 1354 738 1403 illisa
762 1364 800 1390 et
822 1351 1001 1404 irrumpit,
1034 1368 1204 1403 quorum
1226 1353 1379 1403 posteri·
1384 1367 1414 1388 ιε
1438 1367 1460 1388 a

109 1422 180 1469 fpr-
209 1421 262 1444 m.
290 1418 328 1444 et
354 1409 397 1444 in
428 1410 545 1446 Goth.
575 1412 661 1447 fuit.
895 1412 1034 1448 Graeci
1055 1425 1200 1447 nomem.
1237 1410 1299 1444 Sic
1326 1410 1459 1444 anic.

120 1454 226 1502 Flor.
247 1464 382 1501 Ambr.
396 1475 431 1501 2.
453 1466 580 1503 Guelf,
594 1467 711 1502 Goth.
734 1469 824 1510 (err
837 1468 966 1515 Gern.)
990 1469 1122 1515 Camp.
1146 1465 1347 1502 cumAlm.
1360 1466 1463 1502 Jens.

123 1531 162 1558 et
179 1520 264 1556 edd.
289 1532 374 1557 ante
387 1521 536 1570 Gryph.
559 1536 633 1558 acc.
647 1522 742 1558 Obr.
774 1523 932 1571 Reliqui
951 1523 1116 1567 κλωσμόν
1135 1520 1459 1561 inse1unt,n1ale;

121 1589 193 1613 nec
227 1576 350 1625 igitur
376 1577 511 1614 attinet
538 1591 700 1619 vocem,
732 1592 829 1627 quae
851 1580 1112 1614 recentiorum
1138 1578 1230 1612 huic
1254 1575 1342 1612 loco
1366 1576 1460 1611 illu-

52 1682 64 1690 &
122 1633 274 1674 ſtrando
304 1645 566 1670 commentum
590 1634 658 1675 est,
689 1635 891 1671 emendare
914 1644 951 1670 et
972 1636 1018 1671 ad
1043 1635 1246 1670 veritatem
1269 1634 1461 1680 redigere,

121 1689 168 1726 in
186 1702 264 1740 quo
289 1701 500 1739 occupatur
529 1691 767 1728 doctiffimus
789 1691 1047 1728 Schneiderus
1068 1692 1110 1727 in
1129 1691 1277 1727 Lexico
1299 1690 1460 1726 Graeco.

211 1786 276 1823 52.
308 1793 379 1827 qua
411 1788 449 1816 et.-
477 1777 674 1824 distinctio.
705 1781 839 1817 Turic-
871 1781 974 1817 Flor.
1004 1795 1096 1829 quae
1117 1782 1153 1815 d.
1176 1781 1307 1828 Camp.
1330 1794 1404 1830 qua
1424 1779 1464 1817 d.

126 1836 252 1873 Modo
282 1837 388 1884 quod
409 1836 578 1884 sphalma
600 1837 903 1886 Stephanianum
930 1837 1154 1884 conficienda
1174 1847 1299 1870 mutat
1319 1837 1359 1870 in
1381 1849 1464 1871 zon-

127 1891 284 1928 cidenda
304 1891 505 1933 Gallaeus,
536 1892 656 1927 nihili
674 1893 732 1929 est.
774 1894 931 1941 ,Neque
956 1905 1028 1941 ego
1047 1893 1170 1940 magis
1192 1905 1306 1939 quam
1328 1893 1465 1926 Burm.

125 1947 253 1985 ullum
275 1948 361 1983 vidi
385 1947 544 1990 librum,
576 1949 666 1997 qui,
697 1949 740 1984 id
771 1949 878 1998 quod
908 1948 1064 1984 Salmas.
1097 1949 1142 1983 ad
1170 1947 1334 1983 Tertull.
1372 1945 1468 1981 Pau.

126 2019 166 2056 p.
195 2010 284 2049 ¹58·
326 2015 507 2053 tanquam
545 2005 821 2045 ,‚editionum“
850 2004 1057 2041 lectionem
1091 2015 1218 2043 notat,
1254 2003 1467 2051 fundantur

86 2058 87 2062 ¹
129 2062 237 2097 daret
254 2073 327 2109 pro
344 2060 578 2107 fraudantur.
622 2061 721 2097 Mox
743 2061 875 2097 Turic.
898 2061 1002 2098 Plor.
1025 2060 1253 2098 inveniendis
1266 2058 1468 2107 fateretur.

130 2118 228 2154 item
247 2117 376 2152 Turio.
391 2116 462 2165 sed
493 2119 638 2166 iniquos
660 2119 814 2166 aliquid,
837 2117 938 2153 Flor.
953 2116 1023 2166 sed
1046 2120 1083 2152 in
1111 2129 1200 2166 quos
1220 2116 1373 2165 aliquod
1394 2127 1466 2163 pro

131 2182 169 2210 et
206 2175 243 2208 ἰη
281 2187 352 2224 quo
385 2169 434 2221 efi
465 2174 620 2221 aliquid.
679 2175 742 2209 Ex
765 2174 866 2210 Alm.
890 2173 928 2222 si
957 2176 1112 2222 iniquos,
1145 2173 1280 2208 omiffo
1310 2171 1466 2221 aliquid.

130 2229 258 2269 Verba
289 2238 473 2278 promtum
487 2229 542 2278 sit
563 2243 603 2265 os
633 2231 821 2266 omittunt
840 2231 973 2267 Turic.
996 2231 1024 2266 F
1027 2229 1100 2266 lor.
1121 2242 1210 2265 cum
1233 2227 1335 2264 Alm.
1390 2229 1468 2266 Pro

131 2286 272 2323 lentum
294 2285 412 2323 Goth.
438 2288 526 2332 (tac.
548 2287 676 2333 Gesn.)
697 2296 868 2336 emptum.

187 2438 212 2460 a
232 2423 615 2472 gallorum—cantu.
649 2423 774 2471 Quam
832 2434 918 2460 cant
935 2416 1136 2463 juvenalis
1168 2423 1224 2467 (3,
1248 2413 1333 2471 90·)
1372 2431 1471 2460 „vo-

129 2480 198 2518 hic
237 2481 280 2516 in
314 2491 442 2517 mente
480 2479 660 2515 habuerit
699 2480 774 2527 Qu.
830 2494 941 2522 „cem
965 2480 1176 2529 angustam,
1208 2490 1280 2526 qua
1303 2476 1470 2511 deterius

131 2539 305 2588 graecam
343 2549 480 2573 vocem
494 2563 505 2578 ,
550 2535 630 2571 viri
669 2535 777 2571 docti
832 2550 929 2578 „nec
950 2537 1021 2572 Ille
1044 2538 1159 2576 sonat,
1179 2546 1256 2583 quo
1267 2532 1471 2568 mordetur

133 2607 216 2631 :non
267 2604 470 2642 exputant:
530 2605 619 2628 nam
662 2592 776 2640 plane
830 2592 1002 2642 „gallina
1030 2593 1213 2628 marito.“

135 2648 283 2687 alienus
316 2650 366 2685 est
387 2649 563 2686 suffectus
595 2647 664 2683 ille
691 2651 780 2682 κλω-
895 2657 957 2692 52,
988 2647 1039 2698 est
1060 2648 1202 2698 aliquid
1222 2647 1269 2682 fc,
1295 2658 1472 2682 momen.

135 2704 224 2751 σμός
262 2710 326 2755 (v.
355 2707 450 2742 Not.
482 2706 629 2748 crin),
680 2718 777 2752 quae
836 2705 888 2746 ti,
918 2717 963 2742 ut
988 2706 1101 2755 plene
1127 2704 1242 2740 habes
1275 2714 1312 2751 9,
1338 2708 1374 2746 4,
1404 2706 1470 2748 84-

136 2760 367 2809 gallinarum
389 2762 436 2798 est
455 2761 670 2811 glocitatiO.
717 2761 777 2797 Ad
836 2762 893 2798 Cf.
917 2775 953 2811 9,
974 2770 1011 2809 4,
1036 2763 1099 2805 65.

136 2829 222 2853 :rem
257 2829 383 2854 autem
421 2830 523 2855 recte
554 2818 631 2859 huc
657 2816 777 2855 advo·
892 2815 1348 2869 temporibuspraefinitis.
1373 2816 1475 2851 Puto

199 2898 304 2936 Tom.
328 2898 398 2935 IV.
965 2899 1031 2935 Aa
