1676 3028
404 11 449 75 'l

383 194 546 240 1Ns‘r.
583 192 863 240 ORATOR.
894 171 1016 237 m.
1052 191 1150 248 x1,
1197 203 1243 248 3.
1382 202 1478 250 599

143 322 429 376 inhibent?
469 319 799 386 supplicant?
829 317 1087 383 probant?
1122 315 1480 365 admirantur?

143 398 609 452 verecundantur?
649 399 778 446 Non
810 396 868 443 in
903 392 1320 444 demonstrandis
1349 394 1480 443 locis

106 493 112 501 ·
146 495 205 527 ac
242 475 480 543 personis
512 473 886 524 adverbiorum
916 482 1073 538 atque
1094 472 1481 537 pronominum

101 568 112 578 ¹
146 555 393 616 obtinent
412 553 620 602 vicem?
658 553 740 601 Urs
751 551 810 598 in
828 559 968 598 tanta
984 565 1082 615 per
1101 565 1284 598 omnes
1304 559 1483 616 gentes

147 633 502 695 nationesque
563 630 776 694 linguae
845 625 1142 675 diversitate
1201 622 1290 675 hic
1344 625 1486 675 mihi

148 709 397 758 omnium
412 707 702 756 hominum
723 705 1020 754 communis
1039 702 1209 754 sermo
1225 703 1483 753 videatur.

147 788 214 835 Et
240 785 301 833 hi
334 784 580 848 quidem,
617 783 684 832 de
718 782 914 847 quibus
944 780 1061 830 [um
1085 781 1320 840 locutuS,
1359 797 1480 830 cum
1505 792 1558 832 88

147 848 877 928 ipsis-vocibus*naturaliter
917 869 1111 907 exeunt
1143 858 1343 924 gestus:
1393 860 1484 907 alii

86 975 90 978 »
144 937 284 997 sunt,
325 940 421 1004 qui
450 954 534 987 res
567 937 868 986 imitatione
896 934 1221 1002 significant:
1259 935 1383 986 utfi
1403 953 1486 985 ae-

147 1115 281 1164 Camp.
320 1114 483 1163 Reliqui
516 1113 688 1149 inferunt
710 1114 880 1155 eaedem,
910 1113 972 1149 red
989 1114 1092 1151 Voss.
1115 1129 1149 1150 1.
1175 1123 1211 1159 3.
1235 1115 1374 1150 eodem.
1400 1114 1486 1151 No·

149 1171 224 1214 stro
257 1171 394 1207 ordine
430 1171 594 1206 inhibent
614 1169 832 1220 supplicant
851 1171 984 1206 Turio.
1007 1171 1111 1206 Flor.
1139 1172 1271 1208 Ambr.
1293 1184 1329 1208 2.
1355 1170 1485 1207 Guelfi

151 1228 270 1264 Goth.
300 1223 396 1279 (tac.
419 1227 560 1272 Gesn.)
589 1227 662 1262 inh.
693 1227 797 1276 prob.
822 1226 948 1277 suppl.
979 1229 1112 1276 Camp.
1154 1229 1314 1277 Reliqui
1339 1227 1373 1277 s
1399 1230 1423 1266 ι’.
1444 1242 1482 1276 p.

152 1284 251 1323 Jens.
282 1285 417 1320 Nonne
446 1285 494 1318 in.
545 1296 633 1318 cum
667 1283 752 1318 edd.
784 1284 942 1333 posterr.
973 1295 1058 1320 ante
1085 1285 1176 1321 Bad.
1206 1285 1252 1320 ef.
1280 1298 1340 1326 xo,
1366 1298 1400 1326 ι,
1419 1290 1486 1330 48.

153 1340 286 1389 Camp.
314 1339 519 1376 nobiscum
544 1353 586 1374 ac
606 1338 783 1388 personis.
803 1340 936 1376 Turic.
949 1339 1052 1379 Flor.
1073 1350 1114 1376 at
1129 1355 1167 1389 p.
1200 1340 1362 1390 Reliqui
1381 1350 1492 1390 atque

151 1410 190 1445 p.
213 1397 346 1434 Ambr.
364 1405 401 1433 2.
421 1396 548 1441 Guelf.
570 1405 636 1431 aut
653 1396 843 1432 verborum
864 1399 954 1446 (pro
975 1398 1254 1442 adverbiorum)
1276 1411 1365 1434 cum
1386 1397 1491 1437 Vols.

157 1466 193 1487 1.
223 1461 261 1496 5.
283 1455 395 1488 Bern.
417 1455 696 1500 praenominum
726 1452 853 1490 Guelf.
880 1467 969 1488 cum
1000 1467 1121 1503 marg.
1149 1454 1261 1490 Bafil.
1282 1455 1352 1503 qui
1374 1455 1488 1489 etiam

151 1519 216 1549 „et
225 1508 334 1545 verb.
348 1516 385 1542 et
394 1514 554 1557 p1·aen.“
565 1508 682 1544 Goth.
694 1517 802 1544 cantu
814 1510 904 1559 (pro
920 1514 1057 1553 tanta).
1091 1512 1223 1547 Turio.
1235 1510 1339 1547 Flor.
1353 1511 1443 1548 Cam
1447 1523 1485 1558 p.

153 1565 340 1601 omittunt
368 1565 556 1600 hominum
584 1564 666 1614 post
693 1568 855 1601 omnium
885 1579 971 1601 cum
991 1567 1094 1603 Alm.
1136 1569 1253 1604 Recte
1278 1578 1489 1615 utrumque
1540 1595 1544 1606 ,

152 1621 398 1656 retinendum
429 1621 558 1658 suadet
582 1621 764 1659 Oudend.
786 1623 833 1658 ad
854 1625 1012 1659 Sueten.
1032 1623 1110 1660 Tit.
1131 1637 1162 1660 c.
1178 1631 1216 1668 3.
1257 1623 1343 1659 Post
1363 1624 1489 1659 videa-

150 1680 211 1712 tur
241 1676 338 1713 Obr.
366 1676 522 1723 subjicit
550 1679 700 1719 haberi,
731 1679 833 1715 unde
864 1679 978 1729 plena
1001 1680 1050 1715 fit
1072 1680 1290 1716 hexametri
1310 1678 1488 1721 clausula,

153 1745 250 1780 quae
278 1733 321 1784 in
346 1732 504 1781 vulgata
531 1734 692 1769 nonnisi.
708 1748 726 1769 a
749 1735 949 1771 scandente
970 1738 1142 1778 eruitur.
1173 1747 1212 1773 et
1230 1737 1308 1772 hoc
1330 1737 1490 1786 quidem

151 1789 282 1837 prosae
308 1801 447 1825 nocere
476 1789 679 1826 rectiffime
706 1802 821 1840 negat
842 1794 874 1829 Ι.
898 1795 949 1828 Η.
970 1793 1145 1836 Voffius3
1176 1793 1270 1830 vide
1291 1807 1362 1830 nos
1383 1794 1430 1829 ad
1454 1799 1493 1843 9ss

134 1852 194 1901 1⁴·
230 1852 296 1889 52·

241 1963 308 2004 88.
338 1958 377 1996 1ιί
407 1958 565 2008 quidem.
598 1960 660 1996 Sic
689 1960 822 1998 Turic.
852 1962 987 1999 Ambr.
1014 1973 1052 1999 2.
1080 1963 1208 2000 Guelf.
1238 1964 1372 2014 Camp.
1405 1977 1495 2000 eum

157 2011 260 2049 Alm.
286 2013 392 2054 Voff.
417 2025 454 2052 2.
473 2015 584 2053 Bam.
609 2016 770 2067 Reliqui
790 2020 818 2055 ii
838 2033 871 2069 q.
902 2021 964 2057 sed
987 2019 1106 2057 Goth.
1134 2022 1232 2060 Jens⁴
1251 2022 1339 2070 (tac.
1365 2021 1494 2065 Gesn.)

216 2178 281 2217 87.
305 2170 532 2221 supplicant.
574 2173 703 2210 Miror
733 2189 799 2211 ne·
854 2176 1083 2225 ponendum
1110 2176 1302 2227 spernunt.
1347 2182 1497 2229 [Sagax
1574 2222 1576 2233 Ι

158 2228 306 2264 minem
326 2228 478 2264 haesisse
500 2230 543 2265 in
562 2229 640 2266 hoc
659 2232 795 2268 verbo.
855 2234 993 2282 utique
1037 2234 1242 2271 inventum
1259 2251 1268 2278 ;
1324 2239 1431 2287 quod
1471 2237 1499 2272 Γι

159 2284 266 2332 Quid
296 2285 401 2320 enim
432 2285 501 2328 est,
530 2287 635 2335 quod
653 2286 800 2337 suppli·
857 2282 980 2325 auda'x
1001 2291 1115 2327 simul
1130 2293 1332 2335 videatur,
1364 2305 1498 2330 auctor

157 2341 267 2376 candi
288 2341 430 2376 iterum
454 2344 694 2379 mentionem
709 2346 800 2383 facit
857 2347 927 2381 sim
951 2348 1135 2394 ejiciendi
1159 2350 1273 2399 plane
1292 2351 1395 2387 illud
1407 2350 1497 2401 sup·

155 2397 283 2433 noster
302 2397 368 2443 (cf.
391 2398 513 2434 modo
539 2402 572 2447 ᾗ.
588 2399 688 2448 86.),
709 2415 799 2438 cum
856 2404 1020 2451 plicant,
1066 2406 1175 2454 quod
1214 2421 1335 2453 unum
1371 2408 1496 2444 sedem

156 2454 378 2507 praesertim
408 2454 475 2490 hic
505 2456 700 2509 manifesta
727 2459 802 2496 lint
858 2460 979 2495 fixam
998 2462 1044 2498 in
1061 2463 1173 2499 codd.
1196 2478 1274 2501 non
1294 2465 1428 2502 habet:
1446 2463 1498 2498 ‘ut

160 2507 359 2549 actionum
386 2511 515 2557 paria,
558 2525 630 2549 nec
658 2512 804 2565 ficppli-
861 2517 934 2552 tria
964 2517 1102 2555 ultima
1131 2521 1248 2558 verba
1270 2522 1353 2556 'fine
1373 2518 1496 2569 paral-

152 2564 261 2602 ‘cant‘
278 2564 332 2600 ita
361 2565 588 2613 respondeat
626 2569 691 2603 illi
717 2586 810 2620 pro-¹
858 2571 1008 2609 lelifino
1034 2575 1180 2620 adjecta
1198 2576 1292 2618 lint,
1321 2577 1417 2614 sicut
1438 2575 1496 2611 ul·

162 2616 262 2661 bant,
279 2670 282 2677 ι
300 2631 344 2657 ut
371 2623 553 2658 concitare
587 2624 802 2667 inhibendo,
858 2628 950 2663 tima
971 2630 1085 2665 etiam
1118 2632 1160 2667 in
1178 2634 1496 2682 praecedentibus

163 2674 339 2711 admirari
373 2679 681 2716 verecundando?
729 2685 800 2718 Su·
856 2686 1028 2724 nomina.
1049 2689 1239 2735 ΒυΤΤΜ.]

161 2729 286 2782 spicer
305 2745 397 2784 ergo
416 2748 490 2786 pro
500 2733 719 2788 supplicant
739 2752 798 2776 re-
