1676 3028
341 175 505 223 ms'r.
546 177 829 223 ORATOR.
868 177 989 222 LIB.
1026 175 1138 233 XII,
1177 191 1221 223 2.
1362 186 1458 232 535

28 287 32 291 Α
74 310 78 318 ”
116 302 260 354 meri
279 299 397 352 satis
422 303 622 362 credat,
656 302 747 352 sed
774 320 985 352 omnem
1015 301 1327 368 posteritatis
1349 320 1459 351 me·
1494 284 1497 292 s

119 379 372 438 moriam,
410 379 638 448 spatium
672 381 814 429 vitae
842 377 1104 438 honestae,
1144 390 1195 427 et
1217 379 1454 428 curricu-

34 455 47 471 ”
116 455 234 506 lum
265 455 438 507 laudis
472 457 741 506 existimet.
764 457 918 506 -Hinc
949 457 1086 508 mihi
1109 456 1203 504 ille
1226 453 1475 518 justitiae?

113 642 242 678 excusi
276 643 324 680 ad
365 657 488 681 unum
528 658 660 682 omnes
690 654 841 694 praeter
870 645 1077 681 Gesnerum
1110 654 1147 681 et
1176 645 1263 693 Bip.
1296 644 1366 692 qui
1395 644 1450 680 lo·

111 711 264 748 cumque
292 714 329 748 p.
390 703 495 749 Quae
524 701 652 744 illius,
692 702 764 737 nisi
793 701 841 736 est
870 701 1058 749 sphalma,
1104 700 1288 736 audacula
1319 701 1449 747 conje-

111 766 220 791 ctura
249 756 320 792 vix
348 757 530 807 cuiquam
558 758 804 807 probabitur.
862 758 1073 806 Aequievit
1102 769 1228 794 autem
1259 758 1448 793 Gesnerus
1471 775 1475 785 π

110 811 154 846 in
185 825 249 853 ea.
287 825 426 862 quam,
465 816 512 851 ab
542 814 625 864 ipso
658 814 817 863 quidem
847 827 927 851 non
957 815 1200 854 nominatus,
1231 814 1448 862 praeiverat

110 867 446 917 capperonerins,
474 871 814 919 interpretaione,
851 881 894 906 ut
922 880 1064 906 tantum
1094 882 1167 905 non
1200 870 1288 906 effet
1315 882 1446 918 prope,

111 922 334 972 diceretque
364 926 438 974 Qu.
494 927 756 976 „Quicunque
786 927 1017 976 posteritatis
1054 927 1242 962 memoria
1274 925 1448 962 curricu-

107 978 221 1023 „lnm
251 979 377 1018 laudis
405 983 602 1023 metietur,
633 984 666 1018 is
697 984 788 1020 sciet
815 984 842 1020 i.
874 997 904 1019 e.
938 984 1083 1024 sentiet,
1115 985 1148 1019 se
1171 983 1305 1018 idem“
1335 981 1445 1030 (pro-

110 1035 180 1072 bat
207 1036 310 1072 enim
327 1038 435 1074 Gern.
467 1038 683 1074 Gothanam
718 1040 962 1087 scripturam)
989 1041 1017 1075 i.
1050 1053 1080 1075 e.
1113 1040 1159 1075 ad
1182 1040 1339 1075 eandem
1360 1049 1446 1074 rem

107 1093 311 1141 „cognatis
343 1106 466 1142 prope
497 1094 685 1141 exemplis
717 1095 958 1131 admone1·i.“
1014 1095 1187 1131 Eandem
1226 1109 1300 1130 rem
1328 1093 1444 1130 intel-

108 1146 222 1198 ligit,
265 1149 428 1199 opinor,
467 1150 655 1187 virtutem
696 1150 849 1200 qualem
879 1151 1146 1200 praestiterunt
1185 1151 1350 1188 Romani
1379 1149 1444 1185 illi

106 1202 260 1241 heroes.
314 1206 434 1256 Prope
473 1218 601 1243 autem
642 1216 800 1255 cognata
839 1210 1006 1256 exempla
1043 1219 1178 1249 vocat,
1215 1221 1312 1256 quae
1344 1207 1444 1253 ejus-

111 1260 197 1296 dem
236 1261 322 1296 sunt
356 1261 519 1311 populi,
571 1277 790 1311 quanquam
830 1277 910 1300 non
941 1265 1112 1311 ejusdem
1150 1263 1330 1300 familiae.
1391 1262 1444 1296 At

87 1329 225 1365 >quam
255 1315 341 1352 leve
370 1317 460 1359 hoc,
492 1331 684 1367 quamque
711 1332 790 1355 non
821 1320 983 1368 dignum
996 1333 1010 1361 ,·
1039 1322 1143 1368 quod
1176 1332 1251 1355 tam
1284 1319 1443 1367 operoso

106 1372 406 1421 significaretur!
465 1374 573 1410 Adde
613 1375 720 1423 quod
759 1375 859 1411 hanc
896 1389 1040 1411 vocum
1074 1386 1215 1412 tantum
1245 1390 1317 1411 non
1348 1375 1442 1410 stru-

107 1439 255 1465 cturam
285 1428 387 1476 apud
415 1430 587 1465 nostrum
618 1445 697 1466 non
727 1432 904 1480 reperio:
937 1433 983 1467 cf.
1017 1433 1063 1468 ad
1095 1432 1129 1472 6,
1165 1442 1200 1473 2,
1234 1438 1269 1475 4.
1313 1433 1441 1478 Quan-

105 1497 222 1533 quam
249 1484 292 1519 in
319 1483 548 1522 Declamatt.
579 1487 712 1533 Quint.
743 1487 872 1522 eadem
908 1487 956 1523 est
987 1488 1099 1523 etiam
1129 1489 1321 1535 frequens.
1354 1487 1441 1523 Neo

106 1539 324 1589 quidquam
361 1540 489 1588 agitur
532 1543 794 1579 recentiorum
834 1543 1073 1590 quibuslibet
1111 1542 1441 1592 interpretationi-

106 1595 192 1637 bus,
222 1607 312 1632 cum
343 1597 452 1632 omni
479 1599 705 1634 auctoritate
737 1609 871 1638 careat,
902 1599 1003 1634 unde
1037 1600 1203 1646 pendent
1228 1598 1330 1638 illae,
1353 1611 1440 1634 ver·

103 1651 202 1690 bum
225 1651 330 1701 sciet.
387 1653 505 1689 Nihil
537 1654 717 1703 equidem
752 1655 951 1696 extundo;
984 1656 1043 1691 sed
1075 1656 1152 1691 hoc
1173 1655 1356 1704 dispicere
1377 1654 1440 1690 vi·

105 1708 214 1751 deor,
245 1716 388 1746 tantum
417 1710 517 1759 quod
545 1724 619 1746 non
646 1725 887 1759 nequaquam
919 1711 987 1746 effe
1020 1712 1301 1752 solicitandum,
1328 1709 1439 1760 quod.

105 1764 268 1814 speciem
302 1765 478 1812 praebeat
511 1765 620 1801 illius
657 1767 759 1814 apud
791 1767 1017 1803 Ciceronem
1050 1780 1229 1816 quoque,
1262 1781 1334 1816 pro
1364 1765 1437 1815 nifi

107 1821 206 1870 quod
237 1833 323 1860 non,
355 1822 591 1857 occurrentis
623 1823 832 1858 formulae:
881 1823 927 1858 cf.
960 1823 1101 1860 Ernest.
1137 1823 1244 1859 Clav.
1277 1837 1314 1859 v.
1351 1831 1434 1858 tan·

106 1885 196 1917 tum,
225 1887 264 1913 et
290 1877 466 1914 Gronov.
500 1877 547 1912 ad
574 1879 664 1914 Liv.
695 1887 761 1922 31,
790 1884 828 1925 4,
860 1879 895 1915 6.
929 1878 1022 1925 (err.
1054 1880 1181 1926 Ειιι.).
1234 1877 1435 1915 Turicensi

80 1932 166 1985 *illi
195 1945 267 1982 pro
300 1935 467 1980 cognatis
504 1933 711 1982 scripturae
751 1935 903 1986 aliquid
931 1935 1171 1971 reconditius
1204 1935 1343 1970 subesse
1375 1934 1434 1968 su-

100 1990 247 2039 spicor:
279 1999 317 2024 ot
344 1990 387 2026 in
416 1988 496 2026 illis
519 1988 699 2038 sideribus
727 1991 819 2028 latet
847 1992 998 2028 fortass'e
1020 1991 1089 2041 sed
1120 1991 1225 2026 rebus
1254 2004 1341 2026 curn
1364 2002 1433 2046 op-

100 2045 294 2096 positione
330 2046 575 2095 praecedenti
611 2046 778 2083 ablativo
817 2048 1022 2084 reddenda.
1088 2049 1149 2082 Ex
1187 2047 1268 2082 illia
1303 2057 1433 2082 autem

101 2102 152 2139 ad
180 2103 277 2142 veri,
319 2102 489 2138 addenda
518 2102 645 2138 littera
676 2113 712 2144 t,
741 2105 907 2140 verbum
934 2105 1092 2140 finitum
1124 2102 1172 2139 est
1203 2103 1431 2138 eruendum.

99 2157 283 2207 Denique
312 2158 390 2194 hoo
421 2159 533 2193 etiam
566 2158 771 2209 diligenter
798 2160 1086 2200 attendendum,
1117 2160 1238 2195 sintne
1266 2159 1334 2195 illa
1359 2171 1432 2193 cre·

107 2214 196 2254 dat,
227 2212 424 2263 existimet,
464 2225 507 2250 ut
530 2229 632 2252 nunc
660 2217 730 2257 est,
773 2217 884 2252 modi
911 2216 1138 2266 potentiales
1168 2215 1353 2255 habendi,
1384 2227 1432 2249 an

107 2269 438 2319 refmgendo'illo
477 2273 539 2321 qui
580 2273 699 2318 (ficut
722 2276 808 2322 quin
836 2273 967 2310 scribit
998 2272 1114 2319 Obr.)
1155 2272 1203 2307 ad
1240 2269 1434 2320 praecepti

2 2335 5 2349 ³
62 2360 65 2370 „
109 2327 301 2362 rationem
331 2327 566 2363 traducendi.
627 2329 749 2366 Dolet
783 2331 866 2364 sane
904 2328 1131 2365 hariolantis
1173 2339 1210 2365 et
1239 2326 1432 2376 trepidan-

109 2382 160 2418 tis
189 2394 313 2431 partes
342 2396 452 2432 agere
491 2384 533 2418 in
564 2385 652 2421 loco
682 2385 832 2422 honesti
861 2386 1016 2422 affectus
1055 2385 1294 2434 pleniffimo‚
1349 2395 1431 2419 non

106 2438 363 2488 explanantis;
423 2440 481 2475 sed
514 2443 582 2490 qui
610 2442 735 2478 adhue
763 2442 834 2477 [ibi
861 2442 935 2478 visi
965 2443 1049 2478 sunt
1078 2441 1310 2490 intelligere,
1343 2439 1429 2476 lon-

104 2495 194 2544 gius
234 2495 344 2532 etiam
386 2510 405 2530 a
439 2509 534 2534 vero
573 2499 741 2534 suerunt.
802 2499 980 2545 Quorum
1021 2498 1232 2546 Gedoynus
1270 2496 1429 2545 quidem

104 2550 244 2587 robori
282 2562 319 2588 et
356 2553 537 2600 gravitati
572 2556 775 2591 sententiae
812 2555 980 2590 maxime
1019 2556 1236 2604 prospexit,
1275 2553 1427 2589 securus

106 2616 233 2644 tamen
267 2607 474 2645 verborum
514 2612 723 2660 scriptoris.
829 2612 925 2646 Hinc
952 2621 1040 2646 ante
1072 2611 1161 2646 mihi
1190 2624 1266 2646 om.
1295 2609 1426 2646 Turio.

45 2695 49 2698 .
105 2660 210 2701 rior.
238 2665 371 2702 Ambr.
400 2675 437 2704 2.
469 2667 596 2704 Guelf.
629 2669 760 2719 Camp.
794 2681 826 2705 c.
858 2667 959 2704 Alm.
991 2667 1095 2708 Voff.
1126 2677 1164 2712 5.
1210 2666 1430 2717 superatam

107 2712 314 2758 ubertatem
341 2722 470 2760 Guelf.
