1676 3028
248 197 249 200 ’
316 166 322 176 ’
362 198 527 244 INST.
564 195 844 243 ORATOR.
880 193 1003 239 Lm.
1038 193 1114 249 x,
1155 205 1200 237 1.
1363 205 1455 250 μη

101 325 318 383 forum,
380 323 609 390 ingenia.
699 322 952 386 Namque
999 330 1052 369 et
1110 317 1462 371 consummati

101 407 206 468 iam
243 402 457 469 patroni
479 400 748 450 veteribus
785 399 1135 456 aemulantur,
1178 407 1230 446 et
1263 413 1354 447 eos
1377 403 1462 462 ju-

101 497 306 532 venum
355 478 422 527 ad
477 479 675 544 optima
726 475 1064 525 tendentium
1118 476 1358 524 imitatur
1407 493 1465 525 ac

101 557 344 623 seqnitur
381 554 657 609 industria.
735 551 1042 619 Supersunt,
1078 554 1172 619 qui
1196 552 1262 600 de
1282 553 1554 618 philo-12⁷3

104 633 292 700 sophia
327 631 639 699 scripserint,
679 648 789 695 quo
821 632 879 680 in
914 647 1104 697 genere
1137 629 1464 697 pauciffimos

108 711 284 760 adhuc
320 711 629 776 eloquentes
661 709 862 757 litterae
898 711 1168 758 Romanae
1203 709 1464 763 tulerunt.

19 803 98 843 920
111 788 259 837 Idem
281 789 447 853 igitur
471 790 550 836 M.
592 785 805 843 Tullius,
847 787 943 851 qui
966 786 1184 850 ubique,
1227 785 1386 836 etiam
1402 788 1465 836 in

109 866 214 916 hoc
236 863 397 931 oper'e
417 864 652 913 Platonis
678 864 923 913 aemulus
947 864 1129 911 extitit.
1205 865 1465 929 Egregius

92 957 256 999 ivero,
291 941 593 1004 multoque,
635 958 797 1004 quam
823 941 882 988 in
921 941 1280 998 orationibus,
1314 958 1466 1007 prae-

107 1013 328 1068 stantior
352 1019 562 1076 Brutus,
600 1013 807 1066 suffecit
828 1016 1059 1082 ponderi
1094 1033 1302 1066 rerum:
1338 1017 1466 1069 scias

201 1171 290 1206 123.
314 1160 541 1212 scripserint.
577 1163 638 1197 Sic
669 1162 801 1198 Turic.
837 1161 942 1197 Flor.
975 1161 1058 1204 (hic
1090 1175 1109 1197 a
1138 1175 1196 1211 pr.
1225 1164 1298 1207 m.)
1334 1164 1462 1203 Guelf.

110 1231 200 1255 cum
221 1219 338 1255 Goth.
360 1219 458 1258 Jens.
484 1230 521 1254 et
541 1219 627 1255 edd.
648 1219 807 1268 posterr.
832 1229 917 1254 ante
938 1219 1030 1254 Bad.
1055 1218 1214 1267 Reliqui
1227 1219 1466 1270 scripserunt,

109 1286 281 1329 quorum
301 1287 393 1323 ergo
416 1286 453 1310 et
469 1276 602 1324 Camp.
838 1275 967 1311 adhuc.
1001 1276 1131 1324 Camp.
1157 1276 1317 1313 omittit.

154 1327 160 1332 ⁸
196 1334 258 1381 qui
279 1331 420 1380 ubique.
482 1332 544 1367 Sic
564 1331 666 1367 Flor.
690 1330 818 1368 Guelf.
852 1344 940 1366 cum
972 1331 1056 1368 edd.
1086 1333 1178 1367 inde
1211 1346 1230 1367 a
1252 1334 1359 1371 Bafil.
1378 1348 1467 1374 anto

110 1389 245 1425 Burm.
285 1390 346 1438 qui
375 1387 437 1422 ubi
468 1388 624 1429 Turia,
655 1389 716 1424 sed
746 1402 765 1423 a
794 1389 861 1424 see.
896 1402 948 1423 m.
985 1398 1024 1424 ut
1054 1389 1197 1439 ubique.
1222 1390 1338 1428 Goth.
1375 1395 1463 1438 (tac.

111 1445 242 1489 Gesn-)
269 1458 304 1494 q.
329 1452 366 1479 et
390 1444 522 1492 ubique
543 1445 601 1491 (et
619 1458 692 1494 pro
719 1447 835 1480 etiam
858 1446 895 1480 in
916 1445 983 1481 hoc
1002 1458 1110 1484 mox,
1131 1446 1226 1481 item
1252 1458 1321 1484 tac.
1337 1451 1465 1492 Gesn„

111 1496 149 1537 οὶ
168 1504 217 1546 ,in
247 1500 325 1542 hoc,
355 1499 427 1535 fibi
463 1501 652 1546 constans)
697 1515 786 1537 cum
815 1501 921 1539 Voff.
952 1511 989 1538 2.
1071 1503 1145 1537 Sed
1175 1504 1308 1553 Camp.
1355 1521 1390 1557 q.
1425 1517 1467 1544 ut

109 1558 253 1607 abique,
286 1569 323 1593 et
341 1557 389 1592 fic
413 1557 570 1605 reliqui,
602 1558 643 1593 in
668 1571 743 1606 qua
763 1558 914 1594 ratione
945 1572 1082 1607 parum
1110 1570 1216 1607 grate
1239 1561 1469 1600 subauditur

111 1611 162 1663 efi
183 1614 231 1650 ad
253 1615 362 1650 idem.
495 1614 733 1651 orationibus.
765 1615 891 1651 Guelf.
922 1615 1145 1652 oratoribus.
1292 1621 1465 1668 ponderi,

111 1667 246 1708 Turio.
266 1670 370 1707 Flor.
393 1669 477 1716 (hic
498 1684 518 1705 a
538 1683 597 1720 pr.
621 1674 759 1721 manu)
787 1672 954 1721 pondere
974 1685 1064 1709 cum
1084 1672 1187 1708 Alm.

113 1782 305 1829 ‚,Plinius,
336 1794 374 1821 et
399 1783 519 1820 multi
546 1783 634 1821 alii:
667 1785 759 1820 vide
878 1795 968 1829 ¹23.
1001 1789 1113 1822 etiam
1147 1790 1185 1823 in
1224 1789 1304 1826 Ῑιοσ.
1362 1793 1470 1830 Leve

113 1839 366 1881 ,‚Tacitu'1n.“
424 1842 760 1878 Pseudo—Turne·
817 1843 901 1878 sane
933 1844 975 1878 in
1004 1843 1076 1878 hac
1108 1847 1283 1882 oratione
1314 1849 1469 1893 vitium,

114 1896 200 1934 bus.
259 1898 388 1940 „Vide
409 1897 603 1934 Plinianas
624 1898 762 1948 episto·
820 1901 922 1948 quali
943 1901 1090 1948 ubique
1104 1902 1276 1940 Platonis
1299 1908 1470 1943 maxime

80 1971 87 1979 -
114 1952 196 1996 „las
225 1954 378 2003 paffim,
411 1965 449 1990 et
476 1953 502 1989 l.
524 1967 559 2003 9.
603 1957 675 2004 Ep.
696 1955 761 1990 26.
820 1956 994 1993 aemulus
1019 1958 1063 1992 fit
1085 1959 1237 1996 Cicero.
1300 1963 1374 1997 Sed
1394 1951 1472 1999 ffoc

114 2011 203 2051 „de
234 2011 393 2046 summis
440 2013 610 2059 ingeniis
661 2012 764 2060 quasi
819 2024 864 2049 ut
882 2014 1072 2050 vitaretur
1094 2015 1276 2063 longiore
1299 2019 1472 2056 anfractu

116 2066 364 2108 „scatentes.“
420 2067 713 2104 Almelovenus.
821 2083 922 2118 opus
947 2081 1038 2106 erat.
1086 2072 1240 2121 Nempe
1261 2086 1304 2110 ut
1324 2075 1472 2124 ubique

175 2123 357 2159 veteribus
373 2124 618 2159 aemulantur.
677 2125 765 2160 Hoc
823 2127 1059 2162 Graecorum
1081 2128 1387 2176 praestantiffimi
1408 2146 1474 2169 cu·

118 2178 245 2227 ipsum
281 2179 398 2225 hujus
427 2179 684 2227 Quintilianei
714 2181 766 2215 se·
822 2183 986 2229 jusque,
1013 2184 1066 2219 ita
1086 2184 1128 2219 in
1148 2183 1225 2221 hoc
1256 2199 1372 2236 opere
1392 2188 1475 2224 Pla-

119 2233 202 2270 culi
222 2235 391 2277 videtur,
423 2235 530 2283 quod
550 2237 767 2284 promiscua
825 2238 941 2273 tonis.

119 2291 249 2327 utitur
295 2291 481 2327 structura
541 2292 764 2327 aemulandi.
881 2293 1067 2343 Egregius
1086 2313 1143 2323 -—
1167 2300 1312 2336 Brutus.
1370 2302 1475 2345 Hoc,

118 2346 170 2383 cf.
200 2351 234 2395 §.
259 2347 324 2384 62.
354 2347 426 2384 ubi
455 2348 506 2383 est
530 2349 767 2384 accusativus
827 2351 892 2385 etfi
921 2351 1118 2400 iniquior,
1165 2356 1322 2394 Tacitus
1357 2371 1477 2407 agno-

119 2403 245 2440 verbo
263 2404 430 2451 junctus.
487 2404 654 2454 Alioqui
674 2404 769 2440 dati·
826 2407 895 2442 scit
953 2409 1060 2444 Dial.
1119 2412 1180 2448 De
1231 2412 1356 2451 Oratt.
1406 2425 1476 2452 21.

121 2471 198 2496 vus
219 2460 371 2497 additus
389 2461 608 2498 aemulando
622 2461 768 2511 fignifi·
826 2465 1023 2504 „Brutum
1071 2466 1344 2518 philosophiae
1393 2473 1479 2508 suae

122 2516 316 2553 tationem
357 2517 474 2554 habet
518 2518 692 2554 invidiae
732 2529 771 2554 et
826 2519 1132 2568 ‚,1·elinquamus.
1172 2527 1288 2567 Nam,
1314 2527 1358 2563 in
1382 2529 1478 2565 Ora-

119 2573 245 2608 animi
280 2573 423 2622 iniqui.
494 2575 556 2610 Sic
597 2575 765 2611 aliorum
826 2577 1032 2617 „tionibus
1057 2583 1251 2618 minorem
1281 2585 1353 2620 effe
1377 2586 1477 2621 fama

120 2642 282 2679 ,quoque
302 2631 517 2667 verborum
539 2631 768 2668 structuram
827 2632 929 2674 ,‚sua,
961 2636 1074 2673 etiam
1102 2639 1356 2677 admiratores
1397 2643 1480 2688 eius

123 2683 352 2723 inflexerant
408 2688 540 2730 novi:
586 2688 687 2742 ¹vide
734 2700 771 2738 9,
831 2690 1139 2732 „fatentu1.“Cf.
1155 2695 1232 2733 hic.
1248 2698 1401 2740 Brut.1,
1415 2710 1479 2748 97.

124 2749 173 2794 ξ),
217 2756 256 2781 1.
835 2746 883 2783 de
901 2748 1032 2789 Finib.
1058 2765 1103 2794 ι,
1133 2762 1173 2798 3.
