1676 3028
257 255 348 302 158
562 246 636 293 M.
671 247 804 294 ΕΑΒ.
841 247 1255 333 ΩΠῙΝΤΙῌΑΝΙΙ,

251 371 577 430 recondebat,
614 389 682 420 ne
722 371 868 420 aliud
902 389 1049 436 agere
1077 384 1307 422 mentem
1327 344 1570 439 cogerent

252 449 408 497 oculi.
458 448 688 512 Ideoque
712 447 1059 505 lucubrantes,
1097 447 1362 498 silentium
1383 452 1568 509 noctis,

123 582 125 584 Ι
252 533 305 570 et
327 521 559 572 clausum
584 522 905 580 cubiculum,
942 533 994 570 et
1023 523 1206 570 lumen
1230 527 1568 586 unum-velut

177 603 231 642 26
253 607 414 647 tectos
453 600 674 645 maxime
710 607 894 645 teneat.
1009 595 1107 647 Sed
1156 613 1278 645 cum
1318 600 1376 646 in
1421 601 1568 648 omni

247 672 546 721 studiorum
565 688 768 738 genere,
800 682 913 720 turn
931 673 987 719 in
1007 672 1109 720 hoc
1130 674 1407 736 praecipue
1430 674 1569 722 bona

247 747 523 806 valetudo,
600 763 838 812 quaeque
897 763 1010 796 eam
1062 749 1285 796 maxime
1338 747 1568 813 praestat,

249 906 285 933 et
315 910 360 932 ex
389 909 460 946 quo
497 911 584 934 cum
614 898 699 934 edd.
729 908 813 934 ante
835 897 926 935 Bad.
954 897 1024 933 niti
1053 897 1159 944 quod
1178 896 1300 934 Aldus
1327 909 1422 933 mox
1449 894 1568 945 potest

244 965 316 1001 pro
345 952 484 1002 poffet,·
515 965 721 1003 utrumque
753 964 854 989 recte
885 953 1125 1002 improbante
1148 952 1292 993 Badio,
1323 953 1393 1000 qui
1424 953 1567 988 omiffis

245 1008 382 1043 nostris
403 1009 564 1058 nilzinue
587 1023 672 1045 cum
695 1009 779 1048 edd.
801 1019 883 1044 ante
907 1008 1001 1045 Obr.
1023 1019 1102 1043 exc.
1119 1006 1226 1042 Basil.
1259 1020 1333 1043 ace.
1353 1007 1454 1042 Roll.
1494 1004 1567 1042 Sed

249 1062 344 1098 Obr.
378 1076 471 1098 mox
499 1073 647 1112 poterat
684 1069 757 1113 pro'
794 1062 923 1113 poffet.
1205 1063 1431 1098 recondebat.
1470 1062 1567 1100 Jens.

247 1119 472 1154 recumbebat
493 1132 578 1154 cum
601 1120 684 1157 edd.
705 1120 860 1168 poster-r.
883 1130 966 1154 ante
984 1116 1069 1154 Ald.
1092 1118 1161 1165 qui
1192 1118 1399 1165 recipiebat.

329 1183 484 1209 mentem
512 1183 692 1223 cogerent.
742 1174 872 1211 Turio.
902 1175 1032 1209 inserit
1063 1172 1188 1214 occuli,
1235 1173 1410 1220 sequente
1442 1182 1569 1214 tamen

246 1240 342 1263 mox
363 1229 470 1264 oculi.
1442 1238 1443 1241 ’

326 1284 495 1331 Ideoque.
538 1287 668 1334 Camp.
707 1286 806 1320 Ideo.
847 1283 984 1320 Placet.
1241 1276 1407 1332 clausulm.
1448 1282 1567 1319 Goth-

243 1341 331 1383 (tac.
357 1340 485 1387 Gesn.)
516 1339 649 1390 clusum
681 1353 769 1376 cum
794 1339 888 1376 Vall.
913 1340 1003 1374 Bad.
1032 1339 1078 1376 cf.
1102 1351 1143 1387 9,
1178 1345 1214 1382 4,
1250 1349 1338 1374 102.

326 1394 427 1430 velut
461 1391 588 1432 tectos.
621 1397 750 1432 Turic-
771 1394 874 1431 Flor.
903 1404 939 1429 et
968 1396 1075 1430 velud
1108 1404 1232 1429 rectos.
1293 1395 1339 1429 In
1367 1391 1440 1428 illo
1465 1390 1566 1429 inter

243 1457 280 1484 et
314 1459 350 1484 et
377 1450 477 1484 velut
503 1451 790 1499 suprascriptum
819 1452 889 1485 vel.
930 1450 1055 1485 Guelf.
1085 1450 1214 1497 Camp.
1254 1463 1288 1484 v.
1322 1458 1436 1484 rectos
1477 1461 1566 1483 cum

241 1504 343 1541 Alm.
374 1505 478 1540 Voff.
505 1520 538 1541 1.
568 1517 602 1542 2.
634 1506 750 1542 Goth.
779 1507 890 1540 Bern.
920 1515 956 1539 et
985 1504 1070 1539 edd.
1099 1514 1182 1538 ante
1211 1503 1321 1538 Leid.
1358 1515 1432 1537 acc.
1462 1503 1562 1539 Gibs.

238 1560 515 1606 Interpretatur
538 1561 696 1596 Radius:
730 1560 865 1601 „velut
885 1570 983 1594 recta
1003 1560 1043 1593 in
1065 1572 1146 1594 rem
1168 1571 1282 1592 unam
1311 1557 1491 1598 intentos,
1522 1558 1565 1593 in

237 1627 346 1655 „eam
371 1614 555 1650 videlicet
575 1629 687 1663 quam
706 1615 1012 1664 proposuerint.“
1070 1615 1207 1649 Tentat
1225 1614 1356 1653 Burm.
1375 1614 1433 1647 vel
1453 1615 1566 1648 etiam

239 1669 369 1708 lectus,
399 1669 543 1705 multos
576 1671 723 1706 testatus
752 1671 820 1718 qui
854 1671 898 1706 de
924 1669 1107 1704 Romanis
1140 1667 1299 1703 inlecto
1330 1667 1566 1703 studentibus

239 1724 493 1772 prodiderint.
553 1727 657 1760 Huic
693 1725 926 1773 respondent
947 1725 1104 1772 Capper.
1144 1735 1185 1757 ac
1214 1723 1411 1767 Gesnerus,
1434 1723 1566 1757 mode·

239 1779 330 1814 fiius
370 1779 434 1813 hie
466 1789 502 1814 et
530 1781 732 1816 eruditius.
787 1783 967 1828 Apparet,
1004 1793 1118 1827 quam
1152 1777 1290 1825 exigua
1317 1777 1372 1817 sit,
1421 1782 1494 1824 q'ua
1520 1776 1565 1811 hi

238 1834 440 1875 nituntur,
499 1847 670 1884 receptae
701 1837 914 1870 auctoritas.
1005 1834 1109 1870 Mihi
1138 1835 1246 1879 juxta
1276 1845 1316 1867 ae
1345 1833 1564 1866 Burmanno

236 1901 334 1929 „nec
366 1898 477 1924 tectos
506 1904 575 1925 nec
615 1899 729 1926 rectos
769 1892 851 1926 satis
889 1890 1052 1938 placet.“
1140 1889 1264 1934 Quare
1291 1887 1392 1922 enim
1440 1887 1568 1928 „velut

236 1951 411 1984 „tectos“
429 1943 448 1978 ’ἶ
476 1946 583 1980 Num
617 1946 655 1980 ’Ἰ
686 1946 845 1980 cubiculo
876 1944 994 1993 clauso
1025 1957 1103 1979 non
1123 1944 1205 1978 sunt
1241 1944 1354 1976 tecti?
1381 1941 1565 1990 Inprimis

237 2010 363 2033 autem
397 2001 668 2035 attendendum
706 2002 835 2035 censeo
866 2010 902 2036 et
920 2000 1019 2034 illud
1039 1998 1283 2047 praemissum
1306 1997 1349 2031 in
1367 1996 1565 2032 vetustiffi-

236 2053 323 2089 mis.
382 2055 493 2091 Latet
513 2055 673 2102 aliquid,
699 2056 742 2090 ni
767 2055 890 2095 fallor,
920 2055 962 2089 in
990 2055 1060 2090 isto
1091 2063 1218 2093 rectos,
1250 2064 1362 2098 quem
1392 2051 1566 2086 nomina·-

238 2109 365 2145 tivum
389 2110 554 2157 suspicor
575 2111 735 2146 Graecae
765 2110 927 2156 alicujus
961 2110 1081 2145 vocis.
1141 2108 1199 2144 Ad
1221 2106 1391 2142 Plinium
1410 2118 1565 2155 quoque

240 2175 278 2212 9,
310 2165 374 2208 36,
404 2174 441 2201 2.
481 2165 676 2214 vulgatam
702 2167 866 2201 nostram
888 2176 1018 2201 tuetur
1038 2165 1236 2200 Gesnerus.

236 2284 429 2321 Plutarch.
474 2287 517 2321 in
559 2288 637 2323 Vit.
675 2287 874 2324 Demosth.
987 2287 1107 2321 lumen
1126 2297 1247 2321 unum.
1288 2283 1450 2332 Ablegat
1467 2284 1563 2319 Bur-

237 2351 268 2375 e.
293 2351 328 2382 7.
368 2341 406 2375 ἐκ
437 2339 564 2377 τούτου
594 2343 783 2391 κατάγειον
811 2342 875 2388 ,utu
930 2354 1093 2377 mannus
1160 2341 1205 2374 ad
1259 2332 1566 2386 Bynkershoek‘ii

236 2393 465 2439 οἰκοδομῆσαι
495 2397 759 2445 μελετητῆριον,
794 2394 810 2433 ὃ
834 2398 874 2441 δὴ
933 2398 1090 2433 Observ.
1111 2395 1346 2434 Juris-Rom.
1373 2406 1407 2434 1,
1436 2398 1497 2439 14.
1517 2405 1565 2427 ex

236 2450 423 2494 διεσώζεὲτο
494 2453 551 2487 καὶ
624 2452 706 2488 καθ’
769 2452 875 2497 ἡμᾶς.
932 2453 1007 2487 hoc
1027 2451 1115 2486 loco
1136 2449 1379 2487 ostendentes,
1402 2448 1495 2495 quid
1520 2447 1566 2482 sit

234 2505 469 2541 Euan-antur
517 2509 663 2543 ibidem
711 2519 747 2544 et
786 2507 874 2542 rell·
932 2508 1051 2542 lumen
1099 2507 1240 2540 unicum
1289 2503 1388 2552 apud
1431 2502 1563 2551 Ulpia-

236 2572 331 2607 quae
362 2561 440 2595 viri
479 2564 788 2602 exercitationes,
826 2563 872 2597 de
929 2575 1035 2598 num.
1580 2565 1583 2567 ’

234 2615 375 2662 quibus
443 2618 694 2654 conferendus
758 2619 871 2654 etiam

233 2669 419 2707 Libanius
469 2673 510 2707 in
558 2674 638 2708 vit'a
671 2672 869 2709 Demofih.
984 2671 1083 2707 velue
1141 2678 1262 2706 tactos.
1344 2667 1422 2704 vid.
1480 2677 1560 2702 not.

234 2723 290 2773 (Ρ.
315 2731 351 2768 4.
381 2727 436 2763 ed.
456 2727 653 2764 Demosth.
674 2728 822 2773 Reisk.)
929 2727 1011 2770 crit.
1034 2729 1038 2733 '
