1676 3028
234 221 296 265 86
490 213 495 217 ’
546 211 621 258 Μ.
666 214 800 259 FAB.
845 212 1256 275 QU1NT1L1AN1

230 349 356 383 nere
405 335 713 401 Thucydidi
763 331 1063 405 Sallustiani
1110 355 1318 388 verear:
1376 336 1553 404 'neque

228 408 534 474 indignetur
561 411 654 460 fibi
679 412 978 461 Herodotus
999 416 1206 477 aequari
1239 416 1297 464 T.
1323 416 1640 474 Livium‚914
1664 450 1668 453 .

232 500 353 532 cum
378 487 436 534 in
462 487 720 536 narrando
750 490 913 536 mirae
943 488 1304 547 iucunditatis,
1353 489 1551 540 clariffi‘-

229 561 410 625 mique
446 562 860 626 candoris‚,tum
891 565 948 611 in
985 564 1352 622 concionibus,
1398 563 1552 630 supra

228 650 386 703 quam
423 639 647 685 enarrari
678 637 874 703 potest,
915 639 1278 701 eloquentem:
1317 640 1387 687 ita
1416 657 1551 704 quae

228 708 478 760 dicuntur
521 713 724 770 omnia,
771 729 891 760 cum
929 714 1108 770 rebus,
1154 723 1267 762 tum
1304 713 1551 778 personis,

226 786 613 836 accommodata
644 786 791 837 sunt:
831 785 1042 836 affectus
1079 788 1321 853 quidem,
1355 791 1553 855 praeci-

224 876 333 924 pue
374 878 488 920 eos,
546 864 639 926 qui
684 861 803 912 sunt
838 863 1128 920 dulciores,
1188 874 1248 912 ut
1276 858 1552 928 parciffime

225 933 422 994 dicam,
458 954 615 987 nemo
646 938 1016 987 historicorum
1037 939 1424 988 commendavit
1444 956 1553 988 ma-

308 1121 425 1156 neque
454 1110 528 1145 ind.
548 1129 603 1137 --
622 1112 780 1157 aequari.
839 1110 967 1146 Turic.
999 1124 1043 1145 no
1062 1112 1085 1146 ἰ.
1099 1110 1133 1159 s.
1156 1111 1241 1147 hero
1266 1111 1384 1146 doctis
1415 1113 1461 1155 (a
1481 1110 1551 1146 fec.

223 1174 276 1196 m.
306 1163 434 1208 dotis)
464 1179 518 1200 ae.
590 1166 721 1213 Camp'.
753 1179 866 1213 nequo
896 1167 919 1200 ι’.
954 1167 1000 1200 Η.
1032 1168 1157 1213 equari
1176 1166 1275 1216 fibi,
1314 1166 1423 1211 cujus
1454 1165 1550 1202 ordo

223 1217 306 1252 ra'ne
332 1217 476 1265 placet,
506 1230 543 1255 et
573 1219 734 1255 fimilem
761 1221 916 1255 suaserat
946 1221 1089 1267 Regius
1118 1235 1152 1256 n.
1187 1223 1210 1256 ἱ.
1234 1219 1368 1271 H-fibi
1390 1234 1458 1261 ae„
1486 1220 1551 1256 eui

222 1273 373 1308 nonnifi
398 1274 486 1310 Ald.
519 1285 555 1310 et
583 1274 709 1310 Colin.
741 1274 1014 1314 auscultarunt,
1053 1277 1139 1311 teste
1171 1278 1304 1311 Burm.
1332 1275 1427 1311 adde
1458 1276 1551 1311 Bad.

222 1339 338 1376 neque
361 1341 379 1362 e
401 1329 519 1364 Goth.
540 1333 556 1374 (
570 1340 637 1365 tac.
659 1331 793 1372 Gesn.)
813 1341 849 1366 et
869 1332 998 1377 Camp.
1019 1330 1251 1368 affumfimus
1264 1345 1275 1372 ;
1307 1329 1452 1378 reliqui
1475 1344 1550 1366 nec.

305 1382 556 1432 olariffimiquo
583 1385 761 1420 candoris.
831 1384 956 1421 Guelf.
978 1385 1145 1423 omittit.
1376 1387 1550 1421 enarrarf.

222 1437 348 1474 Guelf.
372 1441 512 1474 narrari
533 1452 620 1474 cum
642 1440 743 1475 Voff.
767 1449 804 1483 3.
825 1439 954 1488 Steph.
979 1439 1138 1481 Colin.;-
1161 1439 1272 1476 malo.
1497 1443 1552 1476 ica

222 1503 314 1540 quae
341 1492 410 1527 dio.
469 1494 531 1528 Sic
558 1495 687 1529 Turio.
721 1494 847 1530 Guelf.
879 1507 966 1529 cum
998 1495 1171 1538 Voff.15.
1225 1497 1348 1543 itaquo
1381 1495 1416 1531 d.
1446 1495 1552 1532 Flor.

220 1546 337 1581 Goth.
366 1551 465 1591 (tac.
495 1550 630 1592 Gesn.)
660 1550 790 1597 Camp.
820 1562 908 1584 cum
934 1549 1035 1584 Alm.
1068 1551 1172 1587 Vols.
1213 1563 1246 1585 1.
1279 1557 1316 1584 2.
1350 1562 1438 1585 cum
1465 1551 1550 1586 edd.

220 1611 304 1636 ante
327 1602 413 1638 ΑΜ.
437 1599 512 1639 acc.
534 1603 640 1639 Bam.
697 1603 855 1652 Reliqui
878 1606 930 1640 ita
950 1604 1007 1643 (1.,
1039 1606 1254 1654 corrigente
1265 1605 1408 1653 Regio.

304 1669 382 1692 cum
402 1659 515 1694 rebus.
575 1658 702 1694 Tui-ic.
726 1672 804 1694 cnm
828 1661 867 1693 in
895 1660 1011 1694 rebus.
1174 1659 1275 1709 sunt.
1334 1660 1398 1695 Sic
1420 1661 1550 1698 Turic.

150 1714 154 1723 “
221 1709 324 1747 Flor.
346 1714 395 1757 (a
410 1726 467 1761 pr.
486 1727 538 1750 m.
558 1715 713 1761 uterq.)
743 1726 832 1749 cum
853 1715 954 1751 Alm.
1013 1714 1171 1762 Reliqui
1185 1714 1264 1763 sed.
1323 1717 1396 1750 Pro
1413 1728 1553 1752 accom-

220 1767 370 1802 medaea
407 1769 540 1804 Turio.
560 1770 804 1806 accommoda.
863 1769 966 1805 Flor.
991 1768 1040 1813 (a
1062 1782 1120 1819 pr.
1143 1771 1222 1814 m.)
1243 1771 1494 1806 adcommoda.
1541 1793 1546 1801 ·

302 1823 467 1870 quidem,
507 1837 625 1869 praec.
685 1823 811 1859 Guelf.
843 1824 972 1861 inserit
1001 1834 1060 1866 et,
1110 1837 1190 1861 non
1219 1824 1331 1861 male.
1396 1825 1553 1864 Nostra·

221 1888 337 1920 voces
367 1890 454 1914 eum
477 1891 536 1914 eos
557 1879 703 1914 omittit
723 1879 840 1915 Goth.

284 2041 374 2065 101.
404 2029 653 2079 clariffimique
676 2031 855 2067 candoris.
963 2029 1077 2079 supra
1109 2037 1218 2079 quom
1239 2033 1402 2067 enarrari
1419 2029 1550 2080 potqfi.

224 2084 282 2121 cf.
312 2093 376 2127 52.
408 2095 446 2120 et
473 2099 542 2121 nos
572 2086 618 2119 ad
649 2097 692 2125 2,
721 2094 766 2129 5,
795 2098 855 2133 19·
913 2087 1027 2123 Plane
1039 2100 1111 2135 pro
1126 2086 1429 2127 inenarrabiliter,
1444 2088 1550 2136 quoyd

223 2140 298 2175 Sed
333 2140 450 2176 video
494 2150 670 2176 exortum
714 2142 858 2176 nostrae
915 2142 966 2178 est
993 2142 1093 2190 apud
1121 2142 1210 2177 Liv.
1232 2147 1308 2189 41,
1339 2149 1411 2186 ²5·
1435 2153 1472 2179 2.
1502 2142 1552 2179 cf.

224 2194 368 2231 rationi
414 2208 564 2231 novum
603 2195 859 2230 adversa-ium
918 2198 964 2239 6,
986 2206 1009 2241 5
1024 2223 1035 2238 ‚
1058 2197 1094 2232 6.

224 2249 586 2296 Wyttenbacliium,
625 2251 694 2298 qui
728 2252 859 2286 cando·-

224 2317 300 2339 rem
326 2305 436 2340 malit
462 2307 509 2341 ad
530 2306 650 2341 animi
675 2306 861 2342 fincerita-
970 2309 1248 2355 commendavit.
1315 2309 1453 2344 Fateor
1487 2321 1551 2344 mo

225 2367 302 2394 tem
332 2371 374 2395 ac
396 2360 703 2397 benevolentiam
726 2361 862 2396 referri
913 2363 1069 2402 haerere
1098 2363 1141 2398 in'
1168 2375 1276 2399 voce.
1343 2363 1456 2410 Quod
1483 2363 1551 2399 hie

224 2411 355 2458 (Bibl.
387 2416 481 2451 Crit.
513 2418 592 2456 ΙΙΙ,
627 2422 662 2459 4.
694 2430 730 2465 p.
754 2419 859 2463 29.).
914 2418 1078 2454 maxime
1105 2418 1338 2466 expectabat,
1369 2418 1552 2466 quodque

225 2469 335 2516 Hoc,
371 2470 531 2517 opinor,
564 2471 668 2506 dedit
699 2472 782 2507 fuae
813 2472 859 2507 de
915 2473 1083 2509 reddidit
1108 2473 1336 2520 Gedoynus,
1369 2475 1551 2515 tractavit.

226 2523 474 2560 Patavinitate
497 2527 613 2562 Livio
635 2527 860 2574 exprobrata
915 2528 1031 2563 ineffe
1047 2540 1126 2563 non
1146 2538 1263 2576 put03
1284 2529 1357 2563 nifi
1378 2527 1476 2563 forte
1502 2527 1553 2562 est

178 2618 182 2623 ,
225 2578 450 2620 sententiae;
481 2590 518 2614 et
548 2581 689 2629 vellem
719 2581 860 2616 nostras
915 2595 988 2632 pro
1015 2583 1265 2630 „approbavit
1292 2582 1366 2618 fuis
1397 2581 1550 2618 lectori-

226 2633 393 2671 rationes
422 2635 601 2682 attigiffet
631 2647 670 2672 et
705 2636 860 2673 convel-
916 2638 1058 2679 ‚‚bus.“
1114 2638 1213 2673 Nam
1245 2639 1411 2677 ornavit,
1453 2649 1551 2672 ama·

227 2687 339 2727 liffet.
395 2689 510 2725 Nunc
532 2703 590 2727 eas
612 2702 735 2728 teneo.
918 2693 1007 2728 biles
1026 2693 1187 2729 roddidie
1207 2695 1285 2729 non
1307 2691 1452 2728 sufficit.
