1676 3028
311 247 406 297 140
623 235 698 285 M.
734 239 866 285 ΕΑΒ.
903 241 1312 301 QUINTlLIANI

264 369 286 408 5
308 364 432 414 hinc
467 361 706 413 ordinem
741 362 934 427 sequar.
1014 365 1090 412 Sit
1115 366 1288 430 primo
1315 369 1402 416 vel
1429 369 1621 427 tarduS,

304 440 434 488 dum
455 439 711 503 diligens,¹
733 437 908 487 stilus:
953 440 1259 503 quaeramus
1288 445 1499 506 optima,
1524 460 1621 492 nec

302 516 544 581 protinus
568 511 906 563 offerimtibus
923 513 974 562 se
1002 515 1343 579 gaudeamus:
1380 518 1621 566 adhibe‘a-
1669 506 1673 510 ᾗ

302 600 388 639 tur
427 589 685 650 judicium
729 589 983 646 inventis,
1058 589 1330 655 dispositio
1375 595 1617 658 probatis.

302 667 546 714 Delectus
575 666 718 711 enim
743 681 918 713 rerum
956 666 1348 732 verborumque
1391 669 1620 733 agendus
1665 708 1667 710 .

304 739 400 798 est,
469 750 521 787 et
579 739 811 804 pondera
871 739 1197 804 singulorum
1269 744 1618 792 examinanda.

303 814 422 863 Post
461 813 636 863 subeat
678 818 810 864 ratio
846 816 1164 874 collocandi,
1241 817 1676 884 versenturque93

305 892 452 939 omni
489 890 649 939 modo
689 892 922 939 numeri:
981 909 1118 949 non,
1180 903 1240 941 ut
1285 894 1536 958 quodque
1569 893 1622 942 se

262 968 283 1003 6
309 965 539 1031 proferet
558 967 797 1024 verbum,
835 978 1053 1031 occupet
1071 968 1262 1022 locum.
1304 1004 1307 1006 -
1340 973 1482 1038 Quae
1507 971 1622 1034 qui-

303 1086 484 1133 quomodov
522 1086 653 1121 inserit
692 1094 737 1121 et.
980 1086 1072 1120 hinc.
1110 1086 1234 1122 Guelf.
1276 1087 1342 1123 hic.
1381 1083 1475 1124 Obr}
1517 1088 1619 1125 hunc.

302 1141 349 1177 cf.
372 1150 406 1181 2,
444 1155 506 1182 11,
543 1153 575 1175 1.
605 1151 642 1183 5,
678 1155 708 1181 ι,
743 1155 777 1175 ι.
1386 1130 1401 1144 ”

388 1198 631 1244 5.’prot1'nus.
662 1197 791 1232 Turio.
820 1198 966 1244 primus,
997 1210 1016 1231 a
1044 1197 1111 1232 sec.
1139 1210 1254 1232 manu
1287 1199 1405 1244 primo
1428 1196 1483 1246 se,
1515 1208 1552 1233 et
1573 1199 1620 1233 fic

304 1253 434 1300 Camp.
468 1265 557 1286 cum
584 1251 694 1287 Bodl.
723 1251 842 1286 Andr.
873 1251 959 1286 Ald.
1189 1252 1253 1299 offi
1283 1251 1337 1300 se.
1367 1254 1453 1287 Hoc
1485 1254 1618 1288 ordine
1670 1254 1674 1262 ’

305 1307 429 1343 Guelf.
461 1308 550 1341 Bad.
575 1306 681 1342 Bam.
713 1306 941 1354 efferentibus
962 1306 1032 1355 setl
1051 1308 1194 1347 Turio„
1219 1321 1239 1342 a
1270 1307 1339 1343 sec.
1359 1321 1475 1343 manu
1494 1306 1620 1356 feren-

304 1363 409 1398 tibus.
441 1362 541 1398 Flor.
575 1361 803 1410 efferentibm
816 1361 869 1409 se,
899 1362 1099 1411 Reliquis.
1123 1376 1157 1398 o.
1267 1376 1270 1381 ·
1383 1362 1619 1411 gaudeamus.

301 1418 432 1453 Turic-
453 1417 553 1453 Flor.
575 1420 613 1460 (a
635 1431 693 1465 pr.
717 1430 766 1451 m.
791 1419 968 1464 uterque)
988 1419 1197 1464 gaudemus.
1394 1420 1547 1453 inventis
1564 1436 1620 1444 —

300 1473 476 1520 probatis.
490 1471 615 1508 Guelf.
629 1474 797 1506 intuentis
809 1472 902 1516 (hoc
920 1473 1040 1507 solum
1059 1474 1198 1509 eBern.
1210 1486 1364 1522 quoque
1380 1473 1553 1517 affertur)
1567 1491 1621 1500 --

299 1527 490 1574 probantis
516 1540 601 1562 cum
636 1527 738 1565 VosL
778 1540 808 1561 1.
844 1539 1059 1575 quanquam
1088 1528 1129 1562 in
1155 1529 1344 1575 postremo
1375 1540 1444 1576 per
1470 1528 1619 1576 apicem

299 1583 432 1619 modo.
481 1584 630 1617 intentis
673 1581 773 1618 flor.
815 1584 860 1626 (a
888 1595 944 1630 pr.
974 1586 1054 1628 m.)
1311 1583 1483 1631 agendus.
1523 1583 1620 1621 Jens.

299 1638 481 1685 habendus
497 1650 583 1672 cum
605 1638 688 1672 edd.
705 1637 860 1684 posterr.
890 1649 974 1673 ante
992 1637 1098 1674 Bafil.
1120 1650 1193 1674 acc.
1219 1639 1364 1686 Gryph.
1387 1638 1487 1673 Gibs.
1514 1637 1618 1674 Roll.

300 1693 518 1741 Utrumque
544 1703 645 1728 recte
666 1693 744 1727 dici
762 1694 1004 1728 Burmannus
1037 1704 1154 1742 putat,
1185 1705 1337 1729 auctore
1359 1692 1468 1737 Valla
1498 1692 1620 1741 elegg.

303 1756 339 1793 5,
372 1750 436 1790 60,
469 1759 505 1783 et
524 1747 622 1782 adest
642 1749 724 1783 fane
747 1747 859 1782 verbi
881 1761 989 1794 agere
1008 1748 1224 1796 exemplum
1250 1762 1267 1784 e
1294 1748 1421 1783 Plinio
1455 1749 1510 1793 (7,
1534 1750 1619 1794 29.)

301 1818 321 1840 a
340 1806 503 1839 Gesnero
533 1804 575 1837 in
595 1804 787 1838 Thesauro
816 1804 993 1850 politum.
1050 1806 1094 1838 In
1125 1804 1205 1852 ipso
1231 1815 1355 1838 tamen
1374 1803 1528 1838 delectus
1548 1816 1619 1838 vo-

301 1859 438 1895 cabulo
471 1859 711 1907 frequentius
746 1858 872 1893 saltem
905 1859 974 1894 effe
993 1859 1133 1902 „habere
1154 1859 1342 1894 Gibsonus
1361 1865 1461 1894 reete
1479 1858 1620 1893 statuit.

299 1916 360 1950 An
381 1915 520 1954 differt,
547 1914 653 1962 quod
683 1913 745 1948 hic
776 1914 990 1962 improprie
1009 1915 1209 1962 usurpatur
1232 1913 1299 1948 ille
1323 1913 1487 1953 ,delectus
1515 1924 1552 1949 et
1570 1913 1620 1947 est

302 1972 404 2019 quafi
425 1982 495 2018 pro
518 1968 693 2018 censura?
723 1969 880 2003 Interim
915 1970 1086 2004 standum
1119 1969 1274 2004 videtur
1293 1968 1403 2004 libris
1421 1968 1619 2004 vetustiffi-

298 2027 385 2061 mis.
418 2026 463 2061 cf.
488 2032 523 2068 5,
555 2025 592 2065 6,
619 2033 655 2067 3.
687 2025 780 2059 item
809 2023 844 2064 6,
875 2030 912 2066 5,
944 2033 1007 2068 75.
1227 2020 1322 2070 Post.
1353 2023 1483 2058 Turic.
1512 2022 1614 2058 Flor.

295 2079 426 2129 potest,
456 2095 476 2115 a
496 2081 563 2115 sec.
585 2092 637 2114 m.
667 2090 828 2128 uterque
848 2076 987 2127 postea,
1019 2089 1054 2114 et
1081 2081 1127 2113 fic
1147 2079 1276 2128 camp,
1311 2091 1397 2114 cum
1428 2078 1510 2113 edd.
1535 2088 1620 2112 ante

299 2139 419 2173 Stoer.
463 2149 540 2172 exc.
570 2134 656 2170 Ald.
689 2134 796 2169 Bam.
828 2134 964 2170 Poema
993 2134 1108 2170 Goth.
1141 2136 1227 2179 (tac.
1261 2134 1388 2178 Gesn.)
1435 2133 1620 2170 Nostrum

299 2193 428 2228 tuetuir
452 2191 578 2227 Guelf.
603 2201 640 2225 et
657 2189 749 2225 latet
769 2191 809 2225 in
830 2190 1011 2238 antiquis.
1205 2187 1466 2238 versenturque.
1488 2188 1618 2224 Turic-

296 2247 468 2296 ve1setur‚
500 2261 519 2282 a
549 2247 615 2281 sec.
648 2256 698 2288 m„
718 2245 919 2294 serventur,
953 2257 989 2281 et
1016 2248 1064 2281 fic
1085 2246 1214 2294 Camp.
1244 2243 1420 2292 Suspicor
1435 2257 1459 2278 a
1487 2243 1618 2279 Turic-

299 2303 418 2339 abess'e
441 2302 668 2341 encliticam,
696 2311 739 2336 ut
760 2301 859 2336 abest
879 2314 898 2334 a
919 2302 1049 2350 Camp.
1233 2301 1331 2336 omni
1351 2300 1471 2335 modo.
1491 2297 1616 2334 Guelf.

299 2359 429 2408 Camp.
471 2354 638 2396 omuino,
677 2355 847 2405 proclivi
877 2369 1016 2392 errore.
1262 2351 1435 2404 proferet.
1487 2353 1618 2390 Turio.

297 2412 400 2450 Flor.
441 2411 479 2459 (a
500 2426 557 2461 pr.
577 2424 628 2446 m.
659 2412 838 2459 uterque)
884 2420 1066 2459 properet.
1104 2409 1230 2448 Guelf.
1265 2407 1444 2457 proferat.
1486 2410 1618 2456 Camp-

297 2468 451 2516 profert.
478 2469 581 2505 Voxr.
610 2480 642 2501 ι.
666 2475 701 2510 5.
737 2466 924 2502 omi'ttunt
941 2480 1025 2507 non,
1059 2475 1099 2502 ut
1127 2485 1192 2515 -ι
1200 2463 1418 2513 scriptorum
1437 2465 1619 2514 proxima,

299 2522 424 2559 Guelf.
453 2522 661 2563 diffimiles,
681 2531 728 2556 ut
752 2533 789 2556 et
807 2522 920 2556 Bern.
944 2533 1127 2570 quantum
1147 2521 1275 2556 video.

385 2579 420 2615 6.
454 2581 568 2629 Quae.
598 2578 689 2614 Bad.
720 2589 834 2627 quem,
856 2577 917 2612 sed
935 2590 1005 2626 per
1020 2575 1204 2640 sphalma,
1232 2583 1276 2610 ut
1292 2574 1470 2624 suspicor.

359 2687 395 2724 5.
433 2680 600 2726 protinus
620 2696 674 2705 —
693 2678 926 2725 gaudeamus.
987 2675 1240 2715 adverbium,
1327 2687 1406 2711 non
1471 2673 1622 2726 partici-

297 2735 542 2783 Jungendum
576 2733 625 2768 est
661 2733 790 2770 verbo*
814 2731 929 2770 finito
986 2733 1067 2781 pio.
