1696 3016
673 236 675 248 ⁴
713 195 1159 244 PRAEFATIO.
1359 226 1364 233 -
1489 209 1596 241 παπ

262 342 556 390 memoriam
585 332 894 410 sequuntur.
933 354 936 358 ·
967 332 1225 383 ¹Haeserat
1259 332 1319 380 in
1342 333 1597 382 extremis

260 429 436 478 verbis
459 425 802 493 Spaldingius
829 418 1034 472 diffisus
1060 438 1214 471 verae
1237 419 1486 486 Gedoyni
1508 438 1594 468 ex-

261 516 551 583 plicationi,
580 530 739 580 quam
768 515 826 562 in
854 501 1034 562 nostro
1067 510 1286 560 dem'um
1314 509 1596 559 volumine

262 603 329 652 ad
356 620 436 661 10,
477 618 527 665 7,
575 620 656 653 10.
700 601 929 668 agnovit.
965 623 967 625 ·
1006 600 1255 648 Haerenti
1285 598 1374 647 hic
1405 598 1596 646 itidem

263 692 444 757 Sarpio
479 693 599 756 quis
631 691 690 740 id
732 691 863 740 vitio
899 689 1104 739 vertat?
1181 686 1283 736 Sed
1312 686 1432 752 quis
1465 686 1598 734 ferat

262 779 626 828 emendantem
665 780 785 827 dum
826 778 1200 827 antecedentem
1238 778 1484 827 memoria
1506 770 1599 847 se-

264 849 505 931 quantur,
544 877 594 915 et
626 868 752 915 haec
780 868 851 915 ita
880 867 1227 932 explicantem
1267 861 1431 924 „dum
1458 873 1600 912 ante-

263 952 568 1012 „cedentem
600 955 828 1003 litteram
853 956 1125 1011 memoria,
1164 971 1260 1001 nec
1293 952 1602 1018 sequentem

263 1043 499 1100 „intuitu
523 1031 896 1108 sequuntuw?
926 1044 929 1048 '
975 1041 1134 1111 Quod
1167 1041 1299 1107 quid
1328 1040 1414 1099 sit5
1430 1051 1533 1099 aut,
1557 1039 1602 1089 fi

266 1130 399 1195 quid
433 1129 531 1190 est,
583 1130 856 1198 quomodo
895 1147 959 1179 ex
985 1147 1135 1179 more
1169 1131 1266 1180 illo
1304 1131 1603 1180 litterarum

263 1221 482 1269 nomina
525 1221 674 1286 prius
715 1237 876 1285 quam
920 1216 1117 1268 formas
1157 1218 1392 1268 discendi
1430 1217 1602 1268 enasci

264 1318 435 1373 queat,
459 1295 576 1358 non*
591 1307 744 1356 facile
767 1308 958 1373 aliquis
979 1307 1195 1366 dixerit3
1235 1324 1428 1373 neque,
1454 1309 1602 1374 quic-

263 1397 393 1463 quid
417 1396 506 1456 est,
546 1397 799 1446 deteriori
829 1396 972 1446 illud.
996 1400 1234 1449 orat-,ione
1249 1396 1479 1466 proferri
1504 1414 1602 1463 po-

233 1487 378 1536 xtuit.
459 1486 626 1556 Quale
671 1494 850 1552 autem
889 1484 1033 1535 istud
1070 1488 1177 1536 viri
1214 1487 1479 1549 judicium
1511 1484 1602 1544 est,

264 1591 388 1624 cum
418 1574 478 1623 in
511 1572 895 1641 perverfiffima'
917 1575 1009 1623 illa
1043 1575 1305 1641 loquendi
1345 1574 1518 1625 forma
1555 1592 1603 1631 1,

263 1669 316 1728 4,
358 1676 405 1722 5.
448 1681 583 1727 quae
621 1661 869 1731 (musica)
909 1659 1128 1736 velsola
1154 1667 1287 1714 omni
1303 1661 1602 1736 studiorum

263 1769 454 1822 genere
476 1751 598 1816 plus
627 1749 816 1800 habeat
843 1755 1015 1816 operis
1042 1771 1198 1819 quam
1235 1750 1602 1823 ostentationis,

263 1839 569 1890 facillimam
600 1838 1028 1906 certiffimamq-ue
1048 1843 1117 1896 *in
1144 1851 1264 1890 ante
1303 1844 1438 1892 omni
1466 1838 1606 1889 inse-

262 1930 496 1979 rentium
523 1927 783 1978 medelam
811 1927 1025 1994 respuit,
1064 1940 1115 1978 et
1141 1931 1431 1980 ablativum
1461 1945 1606 1980 com-

261 2016 510 2084 parandi,
581 2017 825 2083 quamvis
866 2015 1036 2067 statim
1072 2016 1382 2080 subjiciatur
1420 2037 1604 2083 quam,

264 2103 543 2171 agnoscens
586 2105 734 2155 hunc
779 2106 1070 2172 approbare
1100 2117 1324 2156 conatur
1361 2105 1603 2156 adhibito

267 2192 494 2243 ablativo
522 2191 844 2251 aestimandi,
871 2195 1041 2258 qualis
1067 2192 1140 2242 est
1166 2195 1226 2242 in
1257 2194 1426 2244 hisce:
1464 2212 1602 2253 „una

265 2281 409 2348 „(um
438 2281 595 2344 Eine)
628 2280 812 2345 plures
842 2280 1016 2332 tribus
1047 2283 1407 2348 antiquarunt,
1441 2299 1604 2348 quam

263 2366 598 2431 ‚,jufferunt“‚
636 2377 688 2416 et
709 2385 841 2426 „uno
871 2369 957 2434 die
983 2369 1095 2438 (um
1114 2371 1282 2420 Einen
1311 2371 1605 2439 Tag)vplus

263 2458 425 2516 „vixi,
464 2474 624 2523 quam
651 2454 950 2506 vivendum
982 2455 1155 2516 saiw,
1193 2458 1604 2525 similibusque?

262 2545 410 2615 Quid
441 2562 604 2612 porro
634 2545 1023 2595 intolerabilius
1056 2563 1218 2612 quam
1246 2548 1392 2613 quod
1416 2549 1475 2596 in
1499 2545 1604 2597 dif-

261 2630 398 2682 ficili
426 2635 523 2684 illo
555 2633 622 2683 de
652 2634 1036 2699 cognominum
1070 2636 1276 2701 origine
1306 2637 1427 2686 loco
1470 2653 1517 2694 1,
1550 2649 1606 2702 4,

264 2734 378 2783 25.²
412 2709 581 2789 'quem
622 2731 935 2791 corruptum
960 2724 1126 2790 magis
1155 2724 1314 2774 etiam
1349 2725 1604 2793 corrupit,

1043 2807 1051 2833 l
