1676 3028
307 240 368 297 ‘78
604 237 679 284 M.
724 235 857 283 ΕΑΒ.
908 233 1318 298 QU1NT1L1AN1

240 368 253 389 ·‘
280 354 507 429 'primus
551 355 814 426 ,iufign'em
869 361 1079 409 laudem
1137 354 1352 428 adeptus
1397 361 1624 411 Lucilius

304 438 560 503 quosdam
590 439 660 485 ita
690 436 891 485 deditos
927 436 1019 484 fibi
1056 436 1224 486 adhuc
1252 438 1406 486 habet
1427 449 1620 487 amato·
1632 455 1676 494 90

302 529 407 570 res,
443 524 502 561 ut
534 529 654 559 eum
678 529 786 560 non
814 511 1046 571 ejusdem
1070 511 1231 560 modo
1255 514 1427 576 operis
1446 523 1622 562 aucto-

300 589 462 645 ribus,
498 586 587 634 sed
609 587 854 634 omnibus
871 588 1036 650 poctis
1059 585 1314 650 praeferre
1333 605 1441 636 non
1466 587 1622 636 dubi-

225 676 279 718 94
299 673 421 712 t'ent.
498 665 608 725 Ego
641 672 891 725 quantum
925 661 986 708 ab
1022 662 1157 718 illis,
1193 671 1395 710 tantum
1429 663 1491 712 ab
1515 665 1617 711 Ho-

299 812 417 848 Goth.
449 812 581 858 Camp.
613 823 696 845 cum
729 811 834 846 Gesn.
863 811 931 858 pbr
959 811 988 844 Ι.
1046 809 1179 857 Vulgo
1201 810 1283 845 sane
1302 822 1370 858 per
1390 811 1432 847 Y.
1491 811 1548 847 Cf.
1583 823 1618 858 9,

297 878 337 911 5,
363 879 397 914 9.
428 878 464 901 et
480 862 673 901 Drakenb.
705 865 749 899 ad
772 866 859 901 Liv.
882 875 928 908 7,
951 877 994 906 2,
1020 876 1054 908 7.
1115 866 1187 900 Sed
1212 878 1305 900 mox
1334 869 1367 912 ς.
1393 873 1457 913 95.
1487 867 1617 902 Turio.

238 938 241 943 ·
290 922 398 972 satur
427 934 578 968 egenus,
610 933 823 967 quanquam
853 934 872 955 a
905 921 971 955 sec.
1003 934 1053 954 m.
1075 919 1232 968 satyrae
1249 933 1383 967 genus,
1413 932 1456 956 ut
1476 931 1512 956 et
1530 921 1619 955 reli-

297 979 390 1026 qui,
428 977 496 1011 nifi
531 977 634 1022 quod
665 976 747 1024 post
777 976 882 1010 Gel'n.
907 988 974 1022 per
998 978 1028 1010 I.
1258 976 1412 1023 adeptus
1439 976 1618 1011 Lucilius.

296 1033 360 1068 Sic
379 1032 507 1066 Turio.
533 1030 634 1065 Rafil.
693 1029 849 1078 Reliqui
870 1031 1039 1065 inferunt
1061 1027 1121 1077 eft.
1315 1031 1407 1066 Luc.
1429 1031 1616 1079 quosdam.

295 1081 356 1123 Sic
385 1086 509 1122 Guelf.
533 1085 638 1120 Basil.
669 1090 783 1131 (cum
804 1085 906 1122 Voss.
941 1099 973 1120 ι.
998 1086 1063 1127 5.)
1098 1097 1311 1132 quanquam
1333 1086 1509 1132 priorum
1531 1085 1617 1132 qui-

293 1143 382 1178 dem
418 1152 579 1189 uterque
620 1142 865 1188 interpuncto
907 1151 990 1174 ante
1013 1166 1022 1179 ‚
1083 1150 1120 1174 et
1153 1139 1361 1185 majuscula
1402 1139 1527 1175 littexa
1569 1141 1616 1186 Q.
1670 1133 1673 1137 v

291 1198 423 1237 Turio.
446 1196 548 1233 Flor.
584 1195 631 1244 (a
654 1209 712 1246 pr.
740 1208 792 1231 m-
823 1195 974 1243 uterq.)
1008 1195 1056 1230 L.
1082 1194 1252 1241 quodam.
1310 1193 1467 1242 Reliqui
1484 1197 1532 1230 L.
1557 1197 1618 1242 qui

292 1253 482 1302 quosdam.
719 1259 900 1286 amatores
937 1249 1045 1286 Bafil.
1085 1247 1160 1284 sola
1191 1250 1348 1285 omittit.
1414 1250 1617 1287 Blanditur

290 1308 386 1345 sane.

306 1428 310 1430 i
346 1437 522 1474 Lucilius.
579 1437 658 1474 Vix
683 1437 754 1484 erit
776 1437 839 1471 cui
861 1437 926 1471 hic
984 1449 1070 1471 cum
1091 1434 1286 1471 lutulentus
1302 1435 1404 1482 fluat
1426 1435 1613 1476 Lucilius,

287 1495 415 1531 nostro
449 1494 618 1540 primum
650 1491 737 1527 loco
768 1491 925 1536 objicia-

286 1561 362 1586 tur.
440 1550 510 1596 Ipfi
548 1546 750 1593 aliquoties
790 1560 808 1580 a
850 1547 921 1593 Qu.

286 1602 627 1648 commemoratum
641 1602 821 1637 vidimus.
852 1603 924 1637 Cu-

283 1657 420 1709 P'idum
468 1658 606 1693 notitia
660 1656 834 1691 locorum
878 1657 922 1690 tle

284 1727 331 1750 eo
365 1713 604 1748 tractantium
633 1711 792 1746 instruet
810 1711 918 1746 Fabr.

282 1770 329 1804 ab
367 1766 457 1803 Em.
497 1777 628 1802 auctus
657 1767 728 1801 ΙΙΙ.
767 1779 804 1813 p.
829 1775 919 1809 250.

281 1826 347 1867 δί.
389 1824 472 1858 add.
507 1824 541 1860 J.
575 1823 620 1858 G.
652 1820 825 1858 Voffium
877 1821 921 1855 de

279 1879 406 1929 P'oe'tis
446 1877 506 1912 lat.
535 1889 571 1924 p.
607 1888 642 1924 9.
683 1887 742 1911 12.
796 1877 921 1924 Agen-

280 1944 358 1969 tem
379 1932 580 1981 saepiffime
606 1942 642 1966 et
663 1930 918 1966 verbofiffime

280 1990 328 2026 de
369 1989 444 2024 hoc
487 1987 612 2034 operis
645 1986 702 2020 sui
731 1985 919 2020 decessore

277 2044 485 2079 Horatium
516 2042 631 2076 habes
668 2042 784 2075 Serm.
817 2042 856 2079 Ι,
895 2046 916 2083 4

280 2110 317 2134 et
345 2112 404 2133 10.
434 2100 485 2137 ΙΙ,
512 2113 544 2132 ι.
576 2097 653 2143 Qui
674 2095 770 2129 hica
790 2095 916 2130 nostro

276 2153 521 2202 improbatur
543 2152 670 2186 versus
684 2151 914 2184 Horatianus

278 2208 330 2244 est
354 2211 384 2248 Ι,
411 2214 446 2251 4,
480 2219 564 2245 lh:
595 2218 716 2252 neque
743 2205 914 2244 dubium,

276 2265 373 2311 quin
406 2262 471 2297 illa
502 2261 655 2298 tollendi
684 2261 783 2295 ratio
808 2262 852 2295 fit
873 2261 915 2294 in

276 2318 532 2366 expungendo
572 2327 608 2352 et
634 2315 913 2363 reprehenden-

274 2373 351 2412 do,
382 2384 461 2408 non
491 2374 533 2406 in
564 2371 800 2410 assumendo,
845 2369 912 2404 eli-

272 2428 414 2474 gendo,
443 2427 656 2475 probando,
676 2436 718 2460 ut
739 2426 911 2460 censuere

273 2481 422 2529 aliquot
445 2482 527 2528 post
545 2483 734 2515 Acronem
759 2475 795 2514 ct
819 2482 909 2514 Por-

271 2537 505 2585 phyriouem
537 2537 620 2573 VV.
653 2536 767 2575 DD..
812 2546 907 2582 quo·

270 2604 357 2631 rum
375 2592 437 2627 *eft
455 2591 519 2625 hic
542 2591 652 2624 etiam
673 2590 878 2636 Gedoynus
894 2601 904 2628 ς

269 2648 350 2682 vid.
379 2645 546 2682 Turneb.
581 2646 731 2680 Adverr.
768 2651 836 2686 15,
867 2655 903 2690 9.

271 2713 309 2738 ot
337 2703 466 2737 Burm.
509 2701 555 2735 ad
584 2699 622 2735 h.
650 2700 674 2735 l.
705 2699 900 2738 Horatius,

982 1491 1197 1525 mirandum
1232 1492 1301 1526 effe
1333 1502 1466 1539 negat,
1515 1493 1539 1525 fi
1560 1490 1614 1539 fit
1642 1536 1645 1538 -

982 1547 1078 1593 quod
1099 1545 1224 1579 tollere
1244 1559 1290 1580 ex
1311 1559 1355 1581 eo
1367 1546 1467 1582 velis.
1499 1546 1614 1592 Quod

979 1601 1061 1635 sane
1086 1599 1286 1646 judicium,
1318 1611 1360 1635 ut
1379 1614 1512 1648 parum
1534 1614 1613 1636 me·

979 1669 1066 1690 mor
1099 1655 1146 1689 cst
1177 1655 1248 1701 Qu.
1273 1655 1457 1690 lectorum
1478 1656 1548 1691 fibi
1571 1657 1612 1691 in

979 1709 1196 1745 auctoribus
1219 1710 1284 1754 (cf.
1310 1718 1346 1754 8,
1365 1717 1403 1756 4,
1426 1710 1521 1756 28.).
1548 1712 1610 1745 ‹le-

978 1765 1149 1800 bilitavit
1194 1765 1432 1800 immutando
1452 1791 1462 1804 ,
1523 1778 1611 1800 cum

979 1820 1089 1855 faciat
1160 1819 1346 1856 dicentem
1403 1821 1611 1855 Horatium

978 1874 1144 1922 „aliquid
1205 1875 1274 1910 effe
1325 1875 1430 1922 quod
1475 1874 1610 1910 tollere

975 1928 1149 1978 „poffi5.“
1207 1929 1279 1964 Sed
1299 1930 1376 1977 ipsa
1400 1943 1441 1964 ea
1461 1932 1609 1965 notatio

975 1985 1115 2018 veteris
1143 1993 1298 2030 poetae,
1335 1995 1512 2032 tanquam
1542 1986 1610 2032 qui

976 2037 1109 2073 flueret
1159 2039 1377 2080 lutulentus,
1428 2039 1610 2074 movebat

974 2093 1206 2128 stomachum
1228 2094 1365 2129 nostro.
1417 2094 1607 2128 Eruditio-

973 2162 1054 2183 nem
1081 2147 1227 2183 Lucilii
1256 2149 1421 2184 maxime
1442 2149 1483 2184 in
1501 2144 1607 2196 prae-

973 2204 1092 2251 ceptis
1138 2202 1309 2250 linguam
1357 2203 1606 2251 spectantibus

972 2259 1168 2305 agnosces,
1208 2257 1333 2305 qualia
1361 2259 1606 2293 tractavimus

976 2325 1008 2352 1,
1033 2313 1067 2352 6,
1089 2319 1125 2356 8.
1157 2315 1219 2356 (et
1249 2311 1306 2347 ibi
1335 2311 1606 2361 erudstiffimum

970 2366 1133 2414 appellat
1150 2367 1298 2412 noster)
1333 2381 1366 2407 1,
1390 2377 1427 2410 7,
1453 2374 1513 2410 15,
1540 2379 1600 2414 ²9·

967 2423 1050 2457 Nec
1070 2422 1253 2457 Horatius
1280 2421 1461 2456 diffitetur
1486 2436 1520 2462 1,
1539 2434 1601 2462 ιο,

969 2477 1021 2521 64
1038 2496 1086 2503 -
1105 2476 1168 2511 66.
1199 2476 1343 2516 „fuerit
1359 2475 1535 2511 Lucilius
1551 2495 1603 2503 --

963 2529 1162 2572 „limatior
1183 2551 1238 2558 —
1268 2533 1389 2577 Quam
1419 2531 1526 2567 rudis
1562 2541 1601 2566 et

962 2587 1144 2628 „Graecis
1217 2587 1350 2621 intacti
1419 2586 1599 2620 carminis

961 2646 1161 2682 „auctor.“
1191 2641 1246 2676 Cf.
1268 2653 1338 2675 nos
1359 2641 1406 2675 ad
1432 2654 1466 2681 ι,
1483 2647 1517 2684 5,
1532 2647 1596 2683 25.

961 2696 1079 2738 [Vid.
1098 2695 1291 2743 Addenda.
1304 2699 1325 2736 ],
1554 2702 1561 2709 ’
