1676 3028
244 179 340 252 2533
557 196 632 244 M.
668 198 800 243 ΕΑΒ.
838 195 1243 256 QU1NT1L1AN1

245 321 635 370 sententiolisne
671 317 906 367 flendum
949 318 1079 366 erit?
1158 318 1550 384 epiphonemata

246 392 334 446 aut
359 398 740 460 enthymemata
767 393 1088 442 exorabunt?
1135 394 1263 442 Non
1291 389 1550 458 quidquid

244 473 402 520 :meris
451 470 722 529 adjicietur
771 465 1062 525 affectibus,
1142 485 1321 517 omnes
1369 478 1559 518 eorum'

247 538 416 594 diluet
448 546 599 600 vires,
640 554 690 590 et
724 541 1103 591 miserationem
1137 541 1403 591 securitate
1422 544 1556 592 laxa-

169 632 223 671 55
245 621 355 668 bit?
405 621 511 683 Age
525 616 541 675 ,’
582 617 623 665 si
651 618 714 665 de
746 629 916 667 morte
942 616 1046 664 filii
1074 616 1180 675 sui,
1231 619 1319 667 vel
1348 619 1554 680 injuria,

247 711 380 759 quae
397 705 563 742 morte
581 692 642 740 sit
663 694 884 757 gravior,
923 692 1205 740 dicendum
1234 695 1366 757 patri
1382 692 1556 751 fuerit,

246 779 337 818 aut
366 769 423 816 in
455 768 712 816 narrando
750 769 964 832 gratiam
1012 768 1156 815 illam
1204 767 1557 833 expositionis,

245 861 381 909 quae
415 845 678 907 continget
717 860 779 890 ex
806 842 1040 891 sermone
1077 860 1212 907 puro
1235 853 1387 907 atque
1418 844 1558 892 dilu-

247 919 385 976 cido,
424 929 660 983 quaeret,
698 919 926 966 breviter
954 935 1008 964 ac
1020 916 1386 982 significanter
1418 919 1559 968 ordi-

246 1011 371 1042 nem
404 995 480 1041 rei
507 981 769 1057 protulisse
803 1003 1100 1049 contentus,
1142 1003 1230 1040 aut
1259 1004 1560 1057 argumenta

245 1068 500 1118 diducet'
485 1085 542 1117 111
562 1068 774 1133 digitos,
815 1078 866 1116 et
885 1067 1302 1133 propositionum
1327 1085 1382 1115 ac
1404 1070 1560 1133 parti-

335 1259 398 1295 52.
419 1252 585 1298 flendum
605 1252 683 1285 erit.
712 1249 842 1285 Turio.
868 1249 969 1285 Flor.
996 1250 1198 1299 f.op(.1ru1’t
1226 1261 1314 1285 cum
1335 1250 1436 1286 Alm.

332 1309 625 1355 epiphonemata.
658 1305 789 1341 Turio.
821 1306 1059 1353 epiphonema.
1108 1316 1111 1320 ·
1275 1308 1389 1342 meris.
1430 1308 1561 1343 Turic-

243 1362 348 1398 Flor.
377 1362 458 1406 (hic
489 1375 508 1395 a
538 1374 596 1408 pr.
631 1361 702 1406 m.)
742 1362 877 1395 meritis
913 1374 999 1395 cum
1027 1359 1127 1396 Alm.
1160 1361 1259 1396 Mox
1292 1361 1411 1396 iidem
1442 1362 1561 1408 (Flor-

245 1420 285 1462 (ἃ
306 1430 364 1466 pr.
381 1419 455 1465 m.)
490 1430 661 1452 errorum.

337 1534 399 1569 55.
439 1535 595 1575 quaeret.
632 1526 760 1560 Turio.
798 1525 899 1560 Flor.
951 1527 987 1568 (a
1016 1539 1073 1573 pr.
1101 1527 1173 1572 111.)
1221 1535 1282 1565 et,-
1317 1525 1411 1562 alter
1437 1527 1563 1576 super-

246 1582 429 1630 scriptum
458 1581 626 1615 nostrum
654 1580 794 1615 iterum
825 1580 930 1615 tollit
956 1594 974 1614 a
995 1594 1111 1615 mauu
1146 1590 1183 1623 5.
1223 1582 1354 1616 Turic·
1380 1595 1450 1630 pro
1481 1597 1564 1618 con-

249 1639 369 1684 tinget
406 1635 523 1670 modo
563 1637 756 1682 contingen
841 1661 852 1675 ‚
884 1646 920 1670 et
946 1635 1087 1670 horum
1119 1646 1278 1683 uterque
1309 1649 1405 1671 mox
1442 1652 1564 1685 repro-

247 1690 369 1739 tuliffe
397 1688 516 1741 (Flor.
552 1705 589 1724 re
619 1688 822 1738 pertuliffe,
870 1689 945 1724 hoc
974 1703 1059 1724 011111
1092 1691 1216 1726 Guelf.
1249 1690 1364 1727 Goth.
1398 1693 1500 1730 Voss'.
1527 1703 1564 1731 2.

247 1748 381 1793 Camp.
412 1758 490 1780 non
509 1745 624 1787 Jcns.)
653 1742 842 1791 contestas,
871 1745 930 1779 sed
951 1744 1052 1780 Flor.
1085 1758 1103 1779 a
1125 1757 1181 1792 pr.
1205 1754 1505 1797 taiitum‚1J1anu.‘

335 1801 479 1834 diducet
519 1802 558 1834 in
593 1800 740 1846 digitos.
780 1799 908 1834 Tui-ic.
948 1799 1052 1836 Flor.

1106 1800 1208 1834 ducet
1238 1803 1275 1836 in
1304 1801 1434 1837 dieseos
1479 1815 1566 1839 cum

246 1855 348 1893 Alm.
365 1857 407 1891 in
430 1868 488 1903 pr.
511 1867 618 1891 voce.
651 1855 745 1888 dicet
765 1856 787 1890 i.
809 1855 843 1890 d.
875 1854 1000 1890 Guelf.
1033 1857 1127 1890 Exc.
1158 1858 1259 1892 Sant.
1286 1887 1287 1890 ,
1313 1876 1317 1880 Α

308 2008 598 2057 epiphonemata.
639 2005 791 2040 Habent
812 2004 878 2039 illa

248 2063 445 2113 superbiae
504 2072 540 2095 et
586 2060 748 2095 ferociae
802 2061 880 2107 spe·

249 2121 361 2158 ciem,
396 2115 516 2164 qualis
538 2116 586 2150 est
611 2117 652 2148 111
672 2114 742 2149 1110
765 2114 881 2150 Μ110·

247 2171 491 2219 niano,quod
511 2170 624 2218 ponit
641 2170 763 2204 noster
786 2178 820 2214 g,
845 2177 880 2212 5,

254 2242 272 2265 1
287 2244 320 2264 1.
351 2240 427 2275 quo
446 2237 483 2261 et
515 2226 594 2272 ipso
615 2224 703 2259 loco
721 2226 883 2270 conjun-

249 2285 355 2331 gitur
384 2294 471 2316 cum
494 2281 761 2326 enthymemate
790 2283 821 2325 §.
847 2292 882 2326 9.

248 2340 387 2385 Neque
411 2337 525 2375 enim,
550 2345 590 2369 ut
611 2335 795 2369 continuo
817 2334 882 2368 hic

249 2394 398 2428 testatur
421 2392 507 2437 Qu„
529 2390 674 2424 remiffa
697 2399 732 2423 et
753 2389 881 2423 humi-

246 2447 294 2482 lis
318 2446 439 2481 oratio
463 2446 590 2480 deceat
609 2458 692 2478 eum
708 2469 717 2483 ,
749 2444 815 2490 qui
835 2445 880 2478 de

248 2502 376 2548 stupro
397 2501 511 2536 maris
532 2499 791 2545 conqueritur.
829 2500 882 2532 Ea

250 2557 299 2592 est
330 2558 463 2598 injuria
502 2564 614 2588 morte
645 2555 803 2599 gravior,
837 2553 882 2586 de

249 2623 323 2658 qua
355 2609 499 2656 aliquid
532 2609 577 2643 ad
614 2608 717 2642 huuc
752 2607 881 2642 locum

248 2675 444 2714 exponunt
462 2666 590 2700 Dium.
619 2674 655 2698 ct
677 2663 782 2699 Gefn.
801 2661 881 2697 lau-

1290 1898 1305 1926 f

937 2006 1063 2042 dantes
1084 2006 1237 2043 Herald.
1264 2007 1376 2043 anim.
1395 2008 1437 2042 in
1454 2008 1567 2046 Salm.

937 2068 974 2103 5,
1009 2068 1069 2104 13,
1108 2069 1165 2103 15.
1197 2064 1326 2096 Burm.
1349 2064 1395 2097 ad
1417 2065 1566 2102 Petron.

937 2129 966 2150 c.
984 2123 1045 2158 25.
1058 2117 1452 2153 Lucian.Dial.Deor.
1465 2119 1488 2154 6
1510 2133 1567 2167 pr.

940 2170 1007 2204 ubi
1036 2169 1200 2218 ὑβριστὴς
1231 2173 1358 2207 Ixion.
1390 2182 1427 2207 et
1446 2175 1569 2210 noster

938 2237 1032 2259 mox
1064 2230 1096 2272 ς,
1123 2233 1186 2271 84.
1225 2228 1392 2263 Pertinet
1421 2240 1464 2262 eo
1495 2228 1570 2264 hoc

939 2293 1113 2327 quoque,
1172 2282 1278 2329 quod
1308 2280 1496 2330 stupratus
1526 2283 1571 2332 se

930 2334 1143 2382 suspendit,
1205 2337 1328 2372 taedio
1358 2338 1458 2372 vitae
1487 2339 1570 2386 post

939 2400 1083 2424 tantum
1110 2391 1282 2430 dedecus,
1314 2401 1350 2434 7,
1382 2398 1418 2434 4,
1448 2397 1514 2438 42.

998 2452 1060 2487 55.
1091 2455 1154 2480 aut
1173 2449 1209 2480 in
1234 2447 1413 2481 narrando
1434 2467 1490 2475 ·-—
1506 2457 1570 2483 aut

939 2510 1150 2546 argumenta
1169 2501 1322 2536 diducet.
1338 2501 1478 2538 Badius
1496 2515 1568 2550 pro

938 2555 1014 2588 istis
1048 2564 1110 2588 aut
1138 2555 1339 2602 legendum
1370 2558 1489 2592 censet
1521 2571 1569 2592 an

938 2609 1155 2656 utrobique.
1211 2610 1399 2656 Equidem
1440 2612 1595 2659 priore«

938 2673 1081 2698 tantum
1110 2664 1210 2706 loco,
1243 2665 1311 2701 ubi
1340 2666 1492 2714 periiss'e
1521 2680 1569 2702 an
