1676 3028
460 284 625 330 INST.
663 280 941 328 ORATOR.
978 280 1100 325 LIB.
1137 279 1211 335 X,
1253 288 1300 324 Ω.
1457 289 1552 334 115

207 427 385 461 amore
427 410 871 476 comprobaretur.
986 410 1185 456 Verum
1227 404 1292 455 fic
1334 422 1550 471 quoque
1568 428 1640 463 132

185 485 309 552 'jam
334 487 578 545 robustis,
617 498 668 536 et
687 486 947 535 severiore
974 501 1165 550 genere
1192 482 1309 533 fatis
1329 481 1554 532 firmatis

205 567 491 633 legendus,
561 565 647 613 vel
691 564 840 631 ideo,
876 558 1061 628 'quod
1103 578 1341 610 exercere
1386 559 1554 626 potest

121 646 468 706 92‘2utrinque
511 641 786 703 judicium.
879 640 1055 689 Multa
1098 641 1267 697 enim,
1326 648 1384 687 ut
1426 637 1553 696 dixi,

195 716 517 786 probanda
504 737 560 767 m
586 737 665 776 eo,
704 719 870 767 multa
891 719 1046 765 etiam
1069 716 1373 765 admiranda
1401 713 1556 764 sunt:

211 798 406 862 eligere
450 795 614 845 modo
661 812 814 844 curae
848 793 937 852 fit,
1000 794 1148 859 quod
1195 795 1403 843 utinam
1443 790 1553 858 ipse

210 871 417 922 feciffet.
495 874 672 939 Digna
705 873 849 921 enim
879 870 987 919 fuit
1023 872 1113 919 illa
1145 882 1354 928 natura,
1418 886 1553 934 quae

210 950 430 1000 meliora
453 950 629 1007 vellet,
669 966 818 1014 quae,
859 948 1010 1014 quod
1030 949 1224 1006 voluit,
1268 944 1455 996 effecit.

321 1063 381 1109 II.
458 1063 534 1108 Ex
583 1060 670 1109 his
742 1060 1035 1123 ceterisque
1089 1059 1319 1108 lectione
1376 1057 1554 1122 dignis

167 1199 170 1201 ‚
210 1128 514 1187 auctoribus
549 1148 602 1186 et
630 1136 921 1186 verborum
953 1134 1208 1185 sumenda
1235 1136 1386 1202 copia
1411 1133 1483 1181 est
1506 1143 1558 1182 et
1632 1152 1635 1155 ’

207 1215 426 1264 varietas
447 1212 759 1280 figurarum,
783 1224 834 1262 et
859 1213 1217 1279 componendi
1240 1214 1400 1262 ratio:
1439 1222 1558 1261 tum

210 1291 276 1340 ad
312 1292 614 1358 exemplum
645 1282 911 1340 virtutum
945 1292 1189 1340 omniurn
1237 1307 1389 1339 mens
1427 1289 1558 1338 diri-

210 1368 392 1434 genda.
483 1370 679 1433 Neque
711 1370 854 1416 enim
887 1367 1122 1416 dubitari
1161 1366 1362 1435 potest,
1423 1367 1558 1432 quin

210 1447 334 1494 artis
355 1462 476 1511 pars
503 1462 691 1510 magna
711 1446 1046 1493 contineatur
1070 1448 1362 1494 imitatione.
1415 1445 1558 1492 Nam

208 1532 271 1570 ut
289 1522 534 1571 invenire
555 1523 792 1587 primum
815 1520 938 1579 fuit,
976 1521 1155 1588 estque
1177 1522 1555 1588 praecipuum:

206 1639 215 1660 x
287 1675 387 1710 ¹151.
409 1666 596 1713 legendus.
617 1664 744 1702 Guelf.
768 1666 976 1713 legendum.
1203 1667 1396 1712 judicium.
1421 1665 1553 1700 Turio.

206 1722 464 1771 Florscamp.
479 1723 652 1766 judicem,
680 1718 767 1757 cnm
789 1721 890 1759 Vall.
909 1737 928 1756 a
951 1723 1018 1757 sec.
1041 1734 1095 1756 m·
1319 1737 1422 1772 quae,
1445 1722 1555 1769 quod.

207 1780 340 1815 Turie-
361 1778 464 1814 Flor.
489 1777 615 1813 Guelf.
642 1779 832 1814 omittunt
853 1792 946 1827 quae
968 1792 1054 1813 cum
1075 1778 1176 1813 Alm.
1194 1778 1298 1816 Voss'.
1333 1794 1363 1815 1.
1391 1789 1426 1821 3.
1457 1778 1554 1816 Jens.

206 1835 321 1871 Tarv.
352 1834 507 1870 Habent
527 1835 662 1884 ,Gotlh
694 1846 730 1870 et
758 1834 858 1871 Van.
907 1835 946 1868 E.
972 1835 1075 1871 Voff.
1107 1844 1142 1877 3.
1195 1835 1362 1870 refertur
1393 1846 1430 1871 et
1460 1835 1557 1882 quod

208 1892 376 1931 meliora.
611 1891 743 1940 effecit.
774 1891 906 1927 Turic.
930 1893 1062 1940 Camp.
1085 1888 1202 1941 efficit
1223 1904 1311 1926 cum
1333 1891 1434 1928 Alm.
1457 1891 1555 1930 Jens.

207 1947 324 1984 Tarv.

300 2041 334 2062 1.
386 2029 494 2076 copia
524 2024 575 2076 4st
604 2035 650 2062 et.
683 2027 815 2064 Turic.
847 2027 952 2063 Flor.
985 2027 1117 2075 Camp.
1149 2027 1338 2062 omittunt
1368 2024 1418 2074 ej}
1466 2040 1555 2061 cum

209 2081 327 2119 Goth.
362 2085 459 2121 Jens.
501 2096 539 2120 et
578 2084 662 2120 edd.
702 2095 787 2119 ante
819 2084 905 2122 Ald.
946 2084 1085 2119 Malim
1118 2097 1237 2131 paene
1278 2096 1350 2131 pro
1392 2092 1429 2118 et
1457 2083 1555 2119 verb.

209 2138 326 2173 scribi
347 2136 397 2186 efi·
415 2153 461 2178 v.,
493 2139 559 2175 hic
579 2151 706 2174 autem
732 2141 864 2176 omitti
883 2141 1062 2176 verbum.
1122 2140 1352 2175 Inscribitur
1376 2150 1490 2188 caput
1511 2140 1556 2174 cle

210 2196 421 2229 imitatione
439 2195 482 2229 in
503 2195 631 2230 Guelf.
657 2195 775 2230 Goth.
798 2209 885 2231 cum
908 2197 992 2231 edd.
1018 2195 1200 2231 omnibus
1236 2207 1322 2231 ante
1342 2196 1450 2233 Gesn.
1473 2209 1553 2231 exc.

211 2248 335 2286 0b1·.'
368 2250 485 2286 Nihil
513 2251 777 2300 inscriptionis
818 2252 860 2287 in
891 2253 1024 2288 Turic.
1056 2251 1158 2287 Flor.
1191 2253 1325 2300 Camp.

298 2309 469 2343 invenire.
503 2307 630 2344 Guelf.
665 2308 815 2343 omittit
843 2322 933 2344 cum
957 2309 1058 2345 voff.
1089 2321 1121 2344 ι.
1142 2317 1177 2351 5.
1210 2310 1322 2345 Bern.

296 2361 416 2413 estque
443 2366 692 2412 praecipuum.
726 2364 853 2402 Guelf.
885 2362 935 2408 esi*
966 2378 1060 2415 quae
1090 2366 1287 2413 praecipu'e
1322 2380 1413 2403 etun
1446 2366 1552 2406 Vols.

207 2476 466 2514 Almeloveno
493 2490 662 2526 quoque,
688 2477 859 2514 doctiori
975 2487 1065 2521 ¹3¹·
1145 2480 1313 2528 utrinque
1362 2481 1556 2526 judicium.

212 2535 372 2582 quidem
407 2533 481 2575 illi,
512 2534 651 2569 accidit
677 2534 720 2568 in
758 2547 856 2570 voce
914 2535 1037 2575 „Tam
1059 2534 1296 2570 laudantium
1315 2550 1431 2585 qnam
1451 2537 1553 2571 vim.

211 2589 281 2626 illa
338 2589 534 2638 Caligulae
589 2591 721 2625 calcem
773 2590 857 2639 sine
913 2593 1198 2639 „pe1·a111ium“.
1268 2594 1422 2629 Radius.
1492 2593 1555 2628 Sic

207 2660 319 2683 arena
389 2646 616 2695 appellantis
693 2649 854 2682 Senecae
914 2650 1090 2683 utrumvis
1144 2659 1182 2684 et
1229 2649 1352 2685 facere
1402 2660 1439 2685 et
1475 2663 1554 2684 non

209 2703 423 2739 orationem
455 2705 577 2747 (Suet.
600 2702 731 2743 Cal.,c.
755 2706 852 2751 533),
912 2703 1034 2739 facere
1074 2705 1175 2754 apud
1210 2706 1290 2742 Cic.
1334 2719 1408 2755 pro
1447 2706 1553 2741 Rosc.

205 2759 342 2794 itidem
373 2773 391 2793 a
414 2760 598 2795 Turnebo
629 2771 850 2796 memorata.
910 2761 1039 2798 Amer.
1072 2771 1138 2806 50.

209 2815 318 2858 [Vid.
339 2816 556 2858 Addenda]

999 2874 1037 2908 H
1074 2885 1096 2910 2
