1676 3028
313 289 406 332 302
621 276 700 322 M.v
731 277 861 323 ΕΑΒ.
897 277 1302 339 QUINTmAm

238 416 288 451 17
307 398 442 462 fecto
481 416 590 448 non
616 400 870 458 'taciturus
909 397 974 446 de
1003 407 1144 446 tanta⁴
1169 399 1256 448 sua
1281 401 1464 465 gloria.
1537 403 1613 449 Ex

305 476 407 525 hoc
438 473 720 523 Simonidis
762 470 902 534 facto
923 474 1405 534 notatumvidetur,
1436 477 1676 536 juvari98¹

304 550 608 599 memoriam
628 544 836 612 signatis
855 550 1030 597 animo
1051 547 1285 607 sedibus,
1321 550 1613 614 idque-cre-

306 625 428 673 dere
459 622 552 672 suo
588 625 809 686 quisque
839 624 1206 690 experimento.
1258 626 1395 674 Nam
1417 641 1536 690 cum
1555 627 1625 673 in,

304 701 418 748 loca
448 700 620 762 aliqua
650 697 765 763 post
797 709 1003 764 tempus
1034 698 1222 748 reversi
1250 699 1456 756 sumus,
1503 716 1613 748 non

302 773 410 838 ipsa
448 773 770 838 agnoici'mus
799 784 1027 831 tantum,
1060 773 1148 822 sed.
1180 776 1361 833 etiam,
1399 776 1614 838 quaein

301 849 384 898 his
397 847 690 906 fecerimus,
710 848 1106 907 reminiscimur,
1127 849 1475 914 personaeque
1490 847 1612 898 sub-

300 936 444 982 eunt,
487 923 870 988 honnunquam
895 926 1073 972 tacitae
1105 942 1317 990 quoque
1347 925 1614 990 cogitatio-

300 1017 393 1049 nes
418 1002 473 1048 in
497 1010 725 1048 mentem
746 1010 1093 1054 revertuntur.
1171 1002 1305 1049 Nata
1335 999 1406 1048 est
1433 1001 1613 1064 igitur,

230 1088 279 1127 ¹8
301 1086 361 1126 ut
390 1078 448 1124 in
479 1077 770 1141 plerisque,
810 1091 889 1123 ars
925 1075 986 1122 ab
1021 1076 1388 1140 experimento.
1475 1078 1614 1124 Loca

489 1217 674 1252 taciturus.
707 1216 837 1251 Turio.
860 1218 1002 1250 tacitus.
1023 1216 1145 1251 Modo
1165 1215 1267 1252 Flor.
1286 1215 1498 1262 Tyndariis,
1516 1214 1613 1249 item

299 1270 380 1320 ipsa
400 1284 472 1319 pro
496 1269 570 1318 ipse
593 1284 678 1306 cum
702 1271 827 1306 Guelf.
851 1281 887 1306 et
910 1284 1003 1305 mox
1015 1270 1077 1318 sui
1096 1262 1168 1318 pro
1178 1269 1261 1318 sua.

389 1337 449 1369 17.
481 1327 688 1360 Simonidis.
718 1325 819 1360 Flor.
851 1327 1020 1367 Simonis,
1044 1324 1150 1361 a'sec.
1172 1339 1223 1359 m.
1255 1325 1473 1365 Simonides,
1505 1334 1543 1359 et
1565 1323 1615 1358 sic

301 1381 428 1417 Guelf.
461 1394 547 1416 cum
581 1382 678 1419 Jens.
700 1382 831 1416 Locat.
863 1391 900 1416 et
926 1380 1078 1428 posterr.
1101 1391 1184 1416 ante
1209 1380 1295 1416 Ald.
1511 1387 1615 1414 nota·

302 1446 390 1471 tum.
422 1437 553 1472 Turic.
584 1435 709 1472 Guelf.
739 1438 881 1472 notavit
911 1449 999 1471 cum
1030 1437 1126 1474 Jens.
1158 1446 1194 1472 et
1229 1436 1313 1471 edd.
1342 1434 1496 1484 posterr.
1529 1445 1614 1469 ante

224 1512 227 1515 ·
297 1492 384 1526 Ald.
413 1493 537 1527 notari
566 1493 694 1538 Camp.
719 1505 805 1525 cum
828 1491 944 1537 Goth,
967 1492 1067 1527 Voff.
1091 1500 1128 1525 2.
1159 1492 1302 1526 notavit
1321 1499 1361 1526 uc
1382 1489 1476 1525 Obr.
1531 1490 1613 1524 No-

296 1546 412 1581 strum
436 1547 483 1580 est
502 1547 544 1580 in
563 1545 660 1583 Vall.
683 1556 720 1580 et
738 1545 838 1580 Flor.
864 1558 1019 1593 quoque
1041 1547 1100 1590 (ut
1123 1544 1310 1592 videtur).
1519 1544 1611 1578 loca.
1672 1555 1676 1558 ·

296 1603 433 1651 aliqua.
457 1601 559 1637 Flor.
583 1601 664 1636 loco
686 1601 822 1646 aIIqua.
849 1600 974 1636 Gnelf.
1004 1601 1095 1635 Exc.
1119 1602 1266 1635 Samen.
1293 1601 1372 1634 loco
1401 1598 1449 1634 tle
1474 1598 1608 1646 aliquo.
1653 1627 1657 1631 .

463 1657 509 1691 ab
540 1658 797 1704 experimento.
827 1656 957 1691 Turic.
990 1651 1347 1702 abadexperimenti,
1368 1665 1406 1689 et
1425 1654 1611 1689 continuo
1663 1654 1668 1659 ‘

295 1713 398 1748 idem
425 1712 506 1748 loci.

293 1834 371 1858 rat:
394 1819 518 1871 neqiie
538 1821 650 1861 enim,
663 1821 692 1855 si
712 1821 807 1855 fama
819 1821 925 1857 illius

293 1879 383 1914 facti
402 1878 496 1912 vivo
516 1878 591 1922 jam
610 1885 719 1924 poeta
734 1878 924 1924 viguisset,

291 1943 441 1982 poterat
455 1945 533 1967 non
545 1932 840 1979 frequentiffima
856 1934 925 1967 effe

294 1990 375 2035 ejus
394 1989 492 2035 apud
511 1988 634 2034 ipsum
652 1988 811 2022 mentio.
844 1988 926 2023 Post

291 2044 365 2079 fata
385 2055 611 2091 magnorum
633 2042 807 2077 virorum
838 2043 923 2077 talia

292 2099 339 2134 de
359 2100 408 2134 iis
425 2099 569 2133 narrari
586 2097 716 2133 [olent.
741 2098 922 2134 Dukerus

290 2155 333 2190 in
356 2154 610 2189 differtatione
637 2153 756 2188 modo
780 2166 923 2188 memo-

289 2221 368 2245 rata
388 2222 422 2256 p.
442 2219 529 2244 102.
544 2218 580 2251 5.
606 2208 742 2242 famam
758 2209 802 2243 de
818 2210 922 2255 Tyn-

290 2265 432 2300 daridis
482 2265 728 2299 evocantibus
769 2271 921 2311 poetam

288 2321 370 2368 ipso
407 2321 559 2354 demum
601 2329 757 2354 mortuo
795 2330 920 2352 natam

288 2376 516 2424 suspicatur,
556 2375 688 2409 eodem
703 2399 713 2414 ,
746 2387 822 2424 quo
854 2374 918 2408 hie

286 2431 438 2471 Fabius,
452 2429 592 2465 silentii
604 2439 828 2477 argumento
843 2430 917 2474 jam

286 2497 391 2521 antea
419 2487 472 2533 (p.
495 2486 579 2532 7⁰·)
603 2486 688 2519 usus
708 2485 750 2518 in
772 2483 918 2519 elevan-

286 2541 330 2574 da
354 2541 516 2576 Phaedri
533 2541 633 2579 fide,
665 2540 734 2587 qui
753 2538 917 2574 celeber-

284 2596 420 2630 rimam
453 2598 576 2630 omnia
598 2595 668 2644 sua
687 2593 807 2642 secum
835 2608 917 2640 por-

288 2653 399 2685 tantis
419 2663 555 2686 vocem
570 2650 762 2687 Simonidi
781 2650 918 2684 tribuit

288 2705 403 2741 Fabb.
425 2712 463 2751 lg,
490 2715 553 2739 21.

349 2770 410 2804 ²7·
442 2761 591 2798 credere.
625 2760 764 2796 Suadet
782 2759 915 2795 Gesne-

979 1834 1046 1856 rus
1067 1820 1204 1868 reponi
1228 1820 1369 1855 credet..
1391 1818 1609 1855 Obrechtus

980 1877 1100 1912 nimia
1122 1876 1307 1910 ductuum
1331 1876 1502 1923 ipsorum
1520 1886 1609 1909 cura

979 1930 1137 1966 refinxit
1173 1931 1291 1966 credet
1327 1939 1383 1969 et,-
1422 1929 1608 1964 'Rollinus

981 1985 1236 2032 adjiciendum
1262 1985 1386 2020 nostro
1414 1992 1523 2032 putat
1542 1997 1608 2032 po-

982 2039 1070 2088 tefi,·
1100 2052 1135 2076 et
1153 2041 1229 2076 hoc
1246 2033 1393 2076 fortasse
1406 2041 1608 2088 optimum,

979 2097 1009 2131 fi
1044 2097 1125 2144 post
1158 2098 1399 2143 experimento
1434 2094 1609 2149 excidiss'e

982 2151 1141 2187 dicatur.
1537 2182 1539 2185 .

1035 2205 1118 2254 post'
1135 2215 1283 2254 tempus.
1305 2205 1331 2240 i.
1351 2205 1435 2254 post
1449 2205 1608 2253 aliquod

980 2272 1140 2310 tempus,
1157 2261 1274 2310 paulo
1296 2261 1471 2308 longiore
1485 2262 1607 2295 inter·

974 2318 1075 2363 jecto
1097 2328 1278 2365 tempore.
1330 2317 1432 2350 Haec
1454 2316 1606 2351 dicendi

975 2372 1098 2407 forma
1117 2373 1234 2418 hujus
1252 2371 1406 2411 videtur
1424 2371 1535 2406 fuiss'e,
1547 2384 1604 2406 ae·
1661 2371 1665 2374 ⁴

974 2427 1079 2467 tatis,
1110 2437 1148 2462 et
1177 2427 1319 2474 legitur
1345 2426 1446 2474 apud
1465 2427 1600 2474 ipsum,

973 2483 1158 2523 simodo,
1189 2481 1354 2517 nostrum
1373 2480 1482 2516 Decl.
1507 2487 1599 2528 289.

973 2551 1011 2586 p.
1037 2545 1124 2584 145.
1157 2537 1225 2572 ubi
1244 2536 1332 2570 vide
1347 2538 1477 2572 Bul-m.
1503 2547 1546 2571 ut
1565 2546 1602 2575 et

975 2593 1020 2626 ad
1038 2593 1148 2628 Decl.
1171 2599 1261 2636 388-
1287 2603 1324 2638 p.
1341 2597 1431 2639 789.
1451 2593 1545 2627 item
1559 2591 1605 2626 ad
1636 2617 1643 2635 ,
1660 2634 1667 2644 ⁴

974 2650 1005 2682 Ι.
1029 2647 1076 2682 O.
1104 2658 1164 2685 12,
1187 2656 1222 2689 5,
1245 2654 1282 2688 5.
1648 2665 1650 2667 >

1039 2710 1097 2746 18.
1135 2703 1241 2739 Loca
1270 2700 1432 2748 discunt.-
1468 2703 1603 2738 Fateor

973 2757 1117 2793 offendi
1143 2769 1203 2792 me
1230 2757 1273 2792 in
1299 2757 1403 2794 hisce
1423 2770 1517 2805 quae
1545 2758 1617 2792 div
