1696 3016
293 206 455 252 INST.
506 203 784 251 ORATOR.
828 203 947 251 121ss.
992 200 1068 260 X,
1119 214 1163 248 1.
1339 210 1400 257 15

52 338 203 389 locus
251 333 568 403 postulabit,
616 330 1039 400 pronunciandi,
1085 332 1176 381 vel
1214 340 1404 398 poten-

53 406 233 464 tiffit'na
254 414 313 462 in
339 411 595 469 dicendo,
634 411 796 468 ratio,
836 419 914 467 et,
949 419 1010 458 ut
1033 407 1192 459 semel
1213 408 1403 467 dicam,

52 491 249 558 pariter
289 489 494 547 omnia,
545 487 749 538 docent.
840 490 902 535 In
940 487 1169 536 lectione
1210 487 1404 535 certius

53 567 342 630 judicium,
383 565 532 631 quod.
563 565 801 614 audienti
830 563 1138 628 frequenter
1165 573 1256 613 aut
1279 561 1406 612 suus

55 645 253 710 cuique
302 642 491 701 favor,
551 653 641 691 aut
681 643 774 691 ille
822 640 1156 690 laudantium
1207 641 1406 690 clamor

47 731 174 781 ¹exto
180 730 347 787 rquet.

435 718 607 769 Pudet
646 720 791 769 enim
826 715 1119 777 dissentire,
1168 728 1220 767 et
1253 718 1406 768 velut

136 870 350 924 postulabit.
411 872 544 908 Turic.
567 871 671 909 Flor.
692 870 896 922 postulavit
918 884 1007 908 cum
1030 870 1144 908 Bodl.
1163 872 1271 908 Ricc.

140 940 196 970 ec,
231 939 280 964 ut.
341 930 474 977 Camp.
504 926 554 976 est
582 929 719 964 omisso
753 938 803 965 ut.

1061 929 1204 964 docent.

1271 930 1407 978 Camp-

55 986 164 1023 docet
191 999 278 1021 cum
307 984 425 1022 Goth.
459 985 588 1030 (Vols.
613 997 649 1021 2.
681 986 866 1023 nostrum.
898 984 944 1020 cf.
967 988 1001 1032 ᾗ.
1031 987 1124 1029 15.)
1154 986 1289 1021 Locat.
1311 984 1407 1032 (err.

53 1042 217 1086 Burm.)
235 1054 358 1089 eoque
379 1042 663 1079 recentioribus
685 1053 770 1077 ante
788 1042 901 1077 Leid.
924 1041 1094 1077 Peffime.

55 1099 189 1135 Turio.
208 1098 394 1134 audiendi.
426 1099 474 1134 cf.
498 1105 541 1143 4,
568 1106 614 1142 5,
643 1098 679 1133 6.
726 1099 772 1140 6,
797 1108 844 1142 5,
866 1109 930 1135 20.

1075 1098 1214 1147 cuique.
1275 1099 1366 1134 Cam
1371 1111 1411 1148 p.

55 1155 176 1192 Goth.
197 1155 294 1192 Jeus.
315 1157 411 1198 (tac.
434 1156 576 1199 Gesn.)
606 1157 777 1204 cujusque
802 1168 890 1190 cum
915 1155 1000 1191 edd.
1021 1166 1106 1190 ante
1128 1154 1238 1189 Bam.

147 1226 162 1247 ι
173 1217 209 1256 8.
239 1210 351 1246 velut.

419 1212 552 1248 Turic.
583 1212 688 1247 Flor.
719 1211 846 1248 Guelf.
880 1213 1013 1260 Camp.
1046 1212 1140 1247 illud
1169 1224 1257 1246 cum
1286 1210 1408 1248 Goth»

55 1267 169 1304 Bodl.
201 1267 304 1303 Alm.
329 1269 433 1305 Vols.
460 1279 496 1303 2.
532 1279 569 1304 et
587 1268 672 1303 edd.
695 1279 781 1304 ante
801 1268 887 1304 Ald.
911 1269 956 1303 ab
981 1269 1057 1303 illis
1078 1267 1164 1303 Ald.
1187 1268 1280 1303 Bad.
1306 1279 1411 1303 uter-

57 1338 132 1372 que
165 1338 212 1359 ex
241 1323 511 1360 emendatione
542 1325 670 1372 Regii.

737 1325 922 1361 Nostrum
954 1325 995 1360 in
1025 1323 1131 1359 Bafil.
1162 1324 1311 1372 prima,
1362 1324 1410 1360 de

56 1380 282 1422 Philandri,
321 1390 444 1428 puto,
479 1381 702 1428 conjectura
730 1380 937 1419 veriffima.
996 1382 1096 1417 Mox
1128 1383 1162 1428 ᾖ.
1199 1392 1263 1429 19.
1303 1379 1410 1418 Flor.

48 1447 93 1473 et
111 1437 234 1474 velud.

55 1559 258 1598 miniculis
278 1560 357 1598 istis
378 1558 424 1599 ab
446 1573 525 1599 arte
542 1562 702 1600 libraria

56 1619 188 1667 petitis
241 1619 301 1653 uti
350 1618 490 1662 licuit,
549 1622 702 1669 opinor.

59 1671 216 1710 Scilicet
239 1687 353 1710 omne
374 1675 451 1712 hoc
471 1678 704 1727 pronuncia·

58 1730 116 1766 tio
146 1741 226 1767 erat
259 1731 440 1773 doctum,
490 1735 515 1768 fi
545 1734 706 1769 audisse-

57 1799 144 1824 mus
162 1787 338 1823 Fabium.
397 1790 625 1839 Appositum
646 1790 708 1825 ‹le-

58 1857 146 1880 cora
167 1853 324 1892 utrlque
348 1855 385 1881 et
407 1848 546 1881 actioni
567 1858 603 1883 et
626 1849 708 1883 voci

58 1900 259 1941 redditum
310 1901 410 1937 actio
464 1914 614 1944 auterne
664 1904 707 1939 id

60 1956 167 2005 quod
205 1955 305 1991 male
346 1969 460 2006 negat
504 1960 705 2008 Stigelius,

59 2011 99 2047 h.
134 2011 160 2046 l.
207 2012 448 2062 disjungitur
479 2029 499 2051 a
531 2029 706 2065 pronun·

60 2069 239 2104 ciatione.
269 2071 287 2105 1
292 2068 372 2105 llud
385 2071 445 2106 vel
456 2071 707 2123 potentfflma

62 2126 101 2158 in
148 2125 302 2160 dicendo
351 2128 574 2174 parentheti
619 2130 707 2165 vice

62 2180 262 2228 fungitur,
293 2193 374 2228 quo
402 2184 582 2230 protinus
603 2186 708 2220 causa

62 2236 280 2276 indicetur,
331 2249 448 2285 quare
483 2249 632 2275 tantum
665 2242 710 2276 fit

62 2303 307 2327 momentum
340 2293 387 2327 ad
408 2295 582 2331 animum
606 2297 709 2332 exci-

61 2348 219 2383 tandum
250 2348 292 2383 iu
323 2349 372 2385 iis
397 2363 492 2399 quae
514 2353 708 2394 audimus,

62 2416 142 2439 non
172 2404 361 2452 legimus;
394 2419 473 2455 quo
504 2408 546 2443 in
569 2423 708 2458 genere

61 2472 142 2495 non
158 2461 322 2496 minima
345 2462 406 2498 vis
428 2464 479 2501 est
496 2466 709 2513 particulae

61 2516 133 2552 vel.
181 2517 233 2551 Ad
255 2518 445 2569 potenciffi
476 2521 523 2556 cf.
549 2528 584 2566 4,
610 2530 646 2566 5,
670 2529 706 2567 8.

66 2578 104 2614 5,
126 2581 164 2616 7,
187 2581 255 2617 57.
312 2574 372 2609 Ad
397 2585 437 2611 ut·
450 2576 567 2626 semel
588 2579 709 2614 dicam

66 2634 111 2670 5,
130 2644 132 2646 ’
153 2637 199 2671 13
214 2656 224 2670 ‚
259 2639 296 2672 5.
354 2630 410 2667 Et
433 2644 519 2669 ante
542 2634 710 2683 utsemel

56 2683 184 2730 *dicam
217 2687 332 2723 tertio
365 2689 447 2724 sane
480 2689 569 2725 loco
604 2703 709 2726 com-

64 2749 173 2787 paret
210 2742 285 2788 (cf.
327 2757 504 2793 prooem.
547 2746 638 2786 Vol.
670 2756 708 2791 5.

760 1578 799 1615 p.
843 1566 995 1610 extr.),
1038 1562 1098 1599 sed
1141 1575 1268 1612 neque
1307 1561 1412 1599 inter

763 1623 895 1658 decora
925 1632 963 1657 et
994 1620 1186 1656 commoda
1217 1619 1315 1668 poni
1347 1631 1412 1654 co·

763 1677 852 1728 pula
882 1688 1055 1727 poterat,
1106 1677 1198 1725 quia
1233 1675 1302 1710 illa
1338 1675 1414 1711 dis-

763 1734 949 1783 junxiffet
996 1747 1121 1769 vocem
1163 1733 1210 1768 ab
1253 1734 1413 1772 actione,

763 1804 891 1839 neque
926 1791 992 1826 hic
1024 1787 1322 1838 compendifieri
1353 1801 1413 1823 ea-

766 1849 876 1888 dem,
908 1847 999 1897 quia
1021 1845 1185 1881 debebat
1203 1845 1320 1880 finem
1342 1844 1415 1878 im-

764 1917 910 1954 ponere
931 1915 967 1940 et
983 1903 1167 1938 insertum
1186 1900 1289 1937 illud
1310 1909 1416 1936 ut—

765 1962 885 1996 dicam
907 1961 1009 2009 quafi
1028 1970 1290 2008 praecurrere.
1335 1956 1418 2003 Qui

765 2018 873 2053 docet
882 2016 1065 2066 singulari
1084 2026 1250 2050 numero
1261 2013 1416 2062 scripse-

764 2085 879 2116 runt,
919 2073 1026 2108 aliud
1059 2071 1244 2119 agebant;
1287 2070 1419 2105 omnia

765 2144 868 2171 non,
899 2129 1007 2178 quod
1031 2129 1092 2168 est,
1125 2126 1419 2179 nominativum

766 2187 1088 2235 interpretantes,
1139 2182 1202 2218 [ed
1239 2180 1416 2218 accusati-

766 2255 876 2278 vum.

826 2306 1018 2348 extorquet
1048 2297 1076 2334 i.
1111 2311 1142 2333 e.
1183 2295 1328 2336 aufert,
1367 2307 1421 2337 no

769 2355 856 2404 quis
909 2356 1187 2403 interpretetur
1237 2362 1420 2394 ..certum

767 2411 926 2459 aliquod
947 2410 1142 2457 judicium
1161 2409 1322 2445 reddere
1341 2407 1422 2443 adi-

768 2468 866 2516 git.“
907 2468 953 2504 cf.
984 2475 1032 2513 4,
1064 2475 1109 2511 5,
1142 2467 1174 2503 6.
1239 2464 1420 2504 Jucunda

765 2534 892 2560 antem
917 2523 966 2560 est
986 2523 1225 2572 Hieronymi
1247 2520 1419 2556 narratio

765 2595 782 2616 a
807 2582 980 2617 Gesnero
999 2583 1118 2630 posita
1135 2591 1262 2627 neque
1278 2577 1420 2613 nostris

765 2636 980 2673 lectoribus
1010 2635 1237 2672 invidenda.
1297 2632 1419 2682 Epist.

767 2694 813 2728 ad
835 2694 1101 2742 Nepotianum
1122 2692 1168 2728 de
1188 2691 1272 2727 vita
1293 2688 1419 2725 Cleri—

769 2763 906 2786 corum
937 2749 1008 2787 fol.
1045 2750 1120 2792 16,
1154 2748 1193 2784 b.
1252 2743 1418 2782 Erasmi.

1227 1042 1409 1077 audienti.
1460 1067 1467 1071 -
