1676 3028
348 215 531 275 'INST.
567 229 846 276 ORATOR.
875 229 1002 275 Lm.
1038 230 1111 286 x,
1151 241 1195 286 7.
1354 212 1461 282 305

102 355 308 408 desunt.
389 359 540 410 Tum
575 355 936 406 intendendus
965 355 1203 413 animus,
1251 372 1365 405 non
1400 356 1459 404 in
1485 361 1538 400 16

103 437 337 501 aliquam
370 452 485 484 rem
510 451 689 493 unam,
727 431 816 482 sed
843 434 902 482 in
922 432 1105 499 plures
1142 430 1305 481 simul
1334 450 1462 482 con-

14 514 312 565 9541inuas:
350 523 437 570 ut,
475 511 517 560 fi
554 528 649 577 per
681 511 910 576 aliquam
941 519 1136 559 rectam
1166 510 1309 559 viam
1338 511 1462 558 mit-

72 596 88 611 ·
106 600 284 639 tamus
319 590 523 646 oculos,
565 587 725 637 simul
767 589 984 646 omnia„
1001 603 1135 652 quae
1164 585 1288 636 sunt
1320 588 1380 636 in
1402 603 1462 635 ea

107 667 380 730 circaque,
442 667 744 724 intuemur,
795 681 908 714 non
950 665 1207 714 ultimum
1254 674 1464 712 tantum

109 741 374 800 videmus,
410 741 511 791 sed.
537 760 708 807 usque
730 741 797 791 ad
826 743 1097 791 ultimum.
1177 740 1260 790 Ad.
1282 741 1466 790 dicen-

109 817 244 868 dum
279 820 437 868 etiam
465 819 645 884 pudor
671 818 913 869 stimulos
943 819 1102 868 habet
1124 830 1176 867 et
1208 818 1466 867 dicendo-

108 911 228 945 rum
253 905 517 959 expectata
547 897 687 945 laus:
724 898 1033 960 mirumque
1067 896 1244 945 videri
1273 893 1460 962 potest,

109 971 276 1036 quod,
299 987 421 1020 cum
441 970 592 1021 stilus
613 970 810 1020 secreto
830 971 1070 1038 gaudeat,
1095 984 1254 1038 atque
1275 989 1461 1022 onmes

108 1039 333 1097 arbitros
374 1047 701 1107 reformidet,
741 1050 1111 1116 extemporalis
1148 1051 1282 1098 actio
1309 1048 1463 1099 audi-

106 1133 287 1175 torum
306 1123 621 1190 frequentia,
638 1137 698 1175 ut
716 1126 870 1176 miles
893 1125 1144 1193 congestu
1165 1124 1460 1193 signorum,

195 1255 336 1306 desunt,
368 1259 502 1295 Turic.
534 1257 638 1295 Flor.
672 1258 758 1306 (hic
777 1273 797 1295 a
818 1273 879 1309 pr.
903 1260 978 1306 m.)
999 1259 1106 1309 sunt.

201 1314 264 1351 16.
300 1314 394 1351 Tum
422 1316 679 1352 intendendus.
713 1315 842 1353 Guelf.
876 1326 997 1353 tamen
1024 1320 1048 1353 ι’.
1090 1331 1180 1353 cum
1212 1318 1311 1357 Jenr.
1345 1317 1462 1353 Tarxr.

195 1385 269 1407 non
301 1373 338 1406 in
364 1373 538 1421 aliquam.
567 1372 672 1408 Flor.
702 1376 741 1416 (a
760 1386 821 1421 pr.
841 1377 913 1418 m.)
944 1374 1094 1410 omittit
1126 1377 1176 1411 in.

193 1428 329 1477 plures.
359 1429 493 1469 Turic.
523 1427 628 1463 Flor.
659 1429 745 1476 (hic
769 1443 788 1464 a
809 1443 869 1479 pr.
890 1434 963 1474 m.)
995 1432 1184 1467 omittunt
1204 1442 1295 1464 cum
1316 1429 1407 1464 Alm

195 1487 412 1534 continuas.-
450 1493 504 1525 ut,
529 1483 568 1533 si
596 1499 672 1533 per.
715 1486 846 1524 Turic.
889 1490 1065 1523 continua
1087 1486 1179 1536 sunt
1196 1485 1321 1535 super.
1359 1485 1465 1523 Flor-

110 1546 150 1588 (ε
171 1554 230 1592 pr.
251 1543 323 1586 m.)
353 1542 545 1577 continuas
557 1538 730 1592 sisuper.
790 1543 853 1578 Ex
878 1543 979 1580 Alm.
1003 1543 1118 1593 super
1146 1556 1219 1593 pro
1244 1541 1282 1591 si
1300 1557 1378 1592 per.

187 1597 279 1648 sunt
309 1600 347 1632 in
378 1611 423 1633 ea
451 1599 626 1645 circaque.
666 1598 770 1634 Flor.
811 1614 907 1650 quae
931 1600 1040 1648 fiunt
1069 1615 1163 1648 quae
1184 1598 1334 1649 semper
1373 1601 1396 1636 ί.
1432 1614 1464 1637 e.

112 1657 208 1692 eirca
231 1667 337 1703 quae,
371 1669 390 1689 a
412 1655 482 1689 seo.
503 1666 557 1688 m·
589 1669 683 1703 quae
699 1654 805 1703 fiunt
830 1658 868 1692 in
888 1672 931 1693 ea
955 1659 1049 1694 circa
1072 1671 1177 1706 quae.

199 1714 392 1752 intuemur,
443 1723 531 1747 non.
586 1712 720 1747 Turio.
764 1711 868 1749 Flor.
921 1714 1006 1759 (hic
1033 1727 1052 1748 a
1081 1728 1140 1763 pr.
1171 1716 1243 1759 m.)
1294 1714 1468 1749 inserunt

115 1769 232 1805 omnis
261 1779 348 1802 cum
370 1767 473 1803 Alm.
709 1778 866 1806 tantum.
895 1771 1014 1806 Goth.
1045 1770 1135 1814 (tac.
1157 1770 1287 1815 Gern.)
1330 1779 1465 1808 tamen.

199 1823 260 1860 Ad
293 1824 498 1860 dicendum.
521 1832 523 1834 '
543 1823 605 1859 Sic
644 1825 778 1874 Camp.
813 1838 903 1862 cum
933 1827 1052 1863 Goth.
1089 1828 1196 1865 Voss'.
1219 1837 1256 1862 2.
1290 1826 1465 1863 Colbert.

117 1882 191 1918 Sed
219 1879 350 1916 Turio.
382 1879 486 1916 Flor.
532 1879 806 1929 addiscendum.
847 1883 951 1919 Flor.
1000 1883 1040 1927 (a
1065 1884 1133 1919 sec.
1154 1885 1226 1928 m.)
1267 1883 1470 1931 anteponit

116 1938 236 1976 addit.
295 1936 454 1984 Reliqui
500 1937 620 1972 Addit
653 1938 704 1972 ad
737 1938 773 1974 d.
847 1941 947 1976 Mox
979 1953 1052 1989 pro
1101 1938 1280 1989 stimulos
1334 1939 1470 1974 Turio.

117 1997 156 2039 (a
178 1994 246 2029 sec.
266 1995 339 2037 m.)
367 1990 542 2036 stimulus.
776 1996 896 2033 habet.
930 1998 995 2032 Sic
1029 1996 1132 2033 Flor.
1172 1996 1302 2032 Guelf.
1336 1994 1470 2044 Camp.

117 2062 207 2086 cum
237 2049 355 2085 Goth.
387 2049 488 2086 Voff.
510 2060 546 2085 2.
581 2050 695 2086 colb.
738 2062 776 2087 et
808 2053 894 2090 edd.
929 2064 1015 2089 ante
1046 2054 1197 2102 Gryph.
1230 2052 1305 2088 Sed
1335 2052 1470 2086 Turic.

117 2105 223 2142 Flor.
256 2105 341 2149 (hic
360 2119 380 2140 a
400 2118 458 2153 pr.
482 2107 553 2150 m.)
584 2105 677 2142 haee
710 2110 839 2143 omnia
870 2110 1041 2145 habet—
1054 2110 1134 2145 laus
1162 2110 1352 2145 omittunt
1381 2120 1471 2143 cum

117 2160 221 2198 Alm.
258 2161 362 2198 Voff.
389 2175 422 2197 1.
442 2170 479 2204 3.
520 2160 682 2210 Reliqui
718 2164 836 2200 addit.
1071 2169 1285 2214 mirumque.
1330 2164 1468 2200 Turic.

119 2230 350 2265 murumque,
380 2227 416 2252 et
447 2230 466 2251 a
493 2218 561 2252 sec.
594 2231 645 2253 m.
690 2234 937 2270 twtrzarumque
980 2222 1109 2258 Guelf.
1149 2232 1340 2271 utrumque
1380 2234 1471 2256 cum

117 2273 224 2310 Voff.
255 2286 286 2307 ι.
314 2282 351 2317 5.
402 2273 499 2311 Jcns
542 2274 658 2312 Tarv.
711 2276 784 2310 Sed
805 2278 918 2313 Berm
967 2280 1099 2314 mirum
1131 2287 1332 2328 utrumque.
1373 2278 1472 2313 Mox

118 2343 190 2378 pro
211 2326 323 2378 stilus·
351 2329 535 2375 F1012(a
555 2343 614 2378 pr.
638 2333 712 2378 m.)
741 2329 927 2380 stimulos.
1161 2336 1332 2370 arbitros.
1364 2332 1471 2369 Flor.

118 2391 158 2431 (a
180 2399 239 2435 pr.
262 2389 332 2430 m.)
365 2387 497 2435 Camp.
537 2386 695 2424 arbores.
978 2388 1161 2439 congestu.
1193 2390 1298 2427 Flor.
1332 2390 1470 2438 Camp.

118 2451 294 2478 concentu
332 2455 421 2479 cum
451 2442 570 2478 Andr.
607 2443 694 2480 Ald.
738 2445 849 2483 Bafil.
888 2447 1039 2496 Gryph.
1078 2447 1253 2492 (ι556.).
1284 2455 1475 2482 contentus

117 2497 220 2534 Alm.
255 2499 318 2544 (cf.
348 2503 383 2547 §.
414 2501 495 2543 14.)
534 2513 613 2534 cum
642 2499 745 2549 gestu
770 2503 877 2543 Voff.
907 2518 942 2540 ι.
981 2502 1104 2542 Valde
1133 2504 1352 2540 obnoxium
1385 2516 1473 2552 per-

118 2555 330 2591 mutationi
356 2555 593 2591 vocabulum
634 2558 702 2602 (cf.
733 2571 805 2600 ιο,
838 2569 876 2604 5,
916 2562 1020 2604 ι7.),
1050 2574 1119 2596 nec
1151 2561 1201 2596 est
1229 2559 1337 2609 quod
1365 2572 1473 2594 aver-

120 2611 244 2646 semur
274 2620 483 2647 concentum
513 2612 720 2661 signorum,
755 2629 850 2664 quae
883 2617 998 2653 toties
1030 2617 1133 2666 apud
1158 2617 1325 2652 Livium
1355 2615 1474 2651 alios·

119 2678 194 2715 que
213 2668 412 2718 scriptores
443 2682 573 2705 canere
604 2670 798 2708 dicuntur.
860 2673 956 2716 Sed,
987 2673 1030 2708 id
1061 2674 1166 2722 quod
1198 2683 1304 2709 recte
1338 2681 1476 2708 monet

182 2766 241 2803 ιδ.
273 2767 442 2818 congestu
464 2769 673 2818 stgnorum.
713 2774 762 2811 cf.
796 2786 876 2811 not.
900 2777 988 2812 crin
