1676 3028
346 178 510 225 INST.
548 173 826 222 ORATOR.
863 172 984 221 LIB.
1021 170 1119 227 XI,
1153 182 1198 215 α.
1336 180 1431 226 3¹3

91 305 174 356 'est
209 304 415 373 duplici
446 303 735 351 memoriae
770 300 925 351 cura?
982 298 1125 347 Nam
1155 293 1431 362 quomodo
1456 300 1508 339 26

98 392 353 452 poterunt
395 382 637 446 copulata
674 376 864 435 fluere,
909 374 953 424 si
983 385 1202 442 propter
1230 370 1438 437 singula

99 461 261 510 verba
292 459 358 508 ad
389 457 619 524 singulas
655 455 849 506 formas
878 450 1276 520 respiciendum
1298 449 1436 498 erit?

101 541 284 606 Quare
298 547 349 585 et
361 534 679 587 Charmadas
700 543 751 582 et
771 529 1028 597 Scepsius,
1053 529 1120 579 de
1137 545 1248 595 quo
1271 525 1437 595 modo

102 614 230 672 dixi,
267 613 635 671 Metrodorus,
673 627 808 677 quos
829 610 1016 660 Cicero
1040 607 1171 657 dicit
1191 604 1313 655 usos
1338 604 1437 652 hac
1501 657 1505 661 ,

102 692 496 748 exercita-tione,
547 688 647 738 sibi
685 687 911 737 habeant
951 684 1067 735 sua:
1105 701 1204 734 nos
1236 681 1439 747 simpli-

103 769 244 818 ciora
268 768 545 816 tradamus.
601 768 655 816 Si
675 766 888 831 longior
911 759 1309 828 complectenda
1328 774 1439 807 me·
1461 769 1512 807 2⁷

101 846 272 894 moria
300 842 465 893 fuerit
501 845 699 900 oratio,
734 841 973 908 proderit
1005 857 1100 906 per
1133 848 1302 904 partes
1330 834 1442 884 edi-

102 921 268 970 scere:
322 921 525 969 laborat
565 921 710 968 enim
749 920 977 967 maxime
1015 932 1208 966 onere:
1257 924 1309 962 et
1338 912 1443 983 'hae

101 1008 275 1064 partes
316 1014 428 1046 non
466 996 570 1045 sint
612 996 953 1061 perexiguae:
1015 992 1220 1057 alioqui
1258 989 1442 1039 rursus

102 1070 298 1144 multae
318 1084 490 1131 erunt,
528 1084 579 1122 et
604 1090 717 1121 eam
738 1067 1065 1138 distinguent
1085 1079 1240 1134 atque
1267 1067 1444 1117 conci·-

103 1151 244 1200 dent.
322 1152 438 1200 Nec
470 1151 660 1215 utique
698 1159 903 1198 certum
925 1145 1301 1212 imperaverim
1330 1161 1446 1192 mo-

105 1212 253 1285 dum,
292 1226 381 1276 sed.
409 1229 634 1275 maxime
668 1236 729 1275 ut
758 1226 983 1290 quisque
1003 1222 1242 1272 'finietur
1264 1223 1444 1272 locus:
1513 1276 1517 1280 .

20 1305 169 1364 99oni
199 1287 337 1354 forte
373 1315 478 1352 tam
514 1301 852 1361 numerosus,
893 1311 954 1350 ut
981 1298 1090 1366 ipse
1124 1315 1342 1366 quoque
1367 1297 1450 1346 di-

208 1432 222 1451 θ

106 1448 230 1498 oratio
244 1447 291 1484 ab
309 1446 378 1482 illa
399 1446 636 1483 conceffione
660 1445 738 1481 orsa
760 1445 869 1493 supra
892 1444 1108 1480 Habeamus
1118 1441 1223 1492 sime,
1245 1441 1292 1478 cf.
1320 1449 1355 1486 5,
1383 1455 1447 1483 ιο,

111 1506 176 1551 1.)
205 1529 230 1545 ‚,
245 1517 281 1541 o.
308 1517 344 1552 q.
367 1504 424 1539 d.:
457 1515 586 1538 nonne
599 1509 622 1524 “
661 1501 822 1547 (malim
854 1514 928 1536 non
956 1500 1090 1539 solum,
1126 1499 1172 1534 cf.
1205 1512 1269 1539 ιι,
1297 1512 1330 1539 ι,
1348 1501 1451 1544 50.)

105 1559 320 1610 „impediri
341 1565 508 1609 quoque“
541 1561 710 1604 (tantum
735 1558 835 1594 abest
860 1567 903 1592 ut
929 1556 1137 1603 adjuvetur
1172 1554 1249 1591 hoc
1279 1555 1450 1591 artificio

107 1618 375 1663 mnemonico)
395 1617 571 1657 „dicendi
591 1613 729 1664 cursum
749 1629 786 1650 n.
812 1628 843 1651 e.
866 1614 902 1650 d.
925 1627 978 1650 m.
1008 1611 1130 1649 cura?
1145 1617 1171 1633 “

190 1685 256 1721 25.
288 1685 527 1721 Charmadas.
555 1684 658 1719 Flor.
691 1682 942 1722 Charneades,
974 1692 1011 1717 et
1041 1680 1188 1730 reliqui
1209 1692 1295 1717 ante
1317 1682 1450 1717 Burm.

110 1753 243 1777 omnes
275 1742 495 1778 Carneades.
544 1740 728 1775 Nostrum
762 1738 832 1774 effe
856 1738 898 1772 in
924 1738 1057 1773 Turio.
1083 1738 1319 1774 conferentis
1341 1738 1453 1773 [ilen-

112 1799 211 1833 tium
240 1797 405 1833 testatur.
429 1797 475 1832 cf.
497 1797 573 1832 Cic.
598 1797 643 1831 de
669 1794 798 1840 0122.
824 1801 888 1838 88.
919 1795 1011 1828 Ern.
1034 1804 1117 1833 not.
1143 1794 1455 1842 Capperoneriua

113 1853 346 1890 demonstrat
376 1853 695 1889 Fortunatianum
725 1863 772 1886 ex
801 1850 1027 1886 Pithoeanis
1050 1850 1286 1886 Charmadae
1306 1863 1455 1885 memo-

112 1923 195 1947 rem
222 1925 260 1960 p.
282 1917 347 1954 75.

111 1980 114 1981 ⁷
200 1989 264 2022 27.
296 1976 426 2027 rursus.
459 1977 521 2012 Sic
539 1976 670 2012 Turic.
691 1974 795 2011 Flor.
825 1973 954 2011 Guelf.
976 1988 1063 2011 cum
1081 1973 1184 2011 Alm.
1215 1972 1375 2022 Reliqui
1404 1975 1459 2010 ni-

115 2037 194 2071 mis.
231 2035 329 2070 Mox
355 2035 485 2070 Turic.
509 2033 613 2069 Flor.
639 2041 746 2068 mute.
769 2031 896 2067 Guelf.
919 2032 1160 2078 conjunctim
1181 2040 1401 2068 mutuerunt.

289 2092 447 2126 modum.
471 2091 602 2126 Tun-ic.
629 2090 732 2124 Flor.
759 2088 886 2124 Guelf.
913 2089 1023 2123 modo
1053 2101 1142 2124 cum
1164 2087 1281 2124 Goth.
1308 2088 1411 2125 Voff.
1424 2099 1461 2125 2.

115 2149 214 2188 Jens.
238 2148 354 2183 Tarv.
376 2160 455 2182 non
478 2148 609 2194 Camp.
635 2146 778 2193 Regius
799 2145 980 2180 correxit.
1206 2146 1245 2178 ni
1258 2143 1375 2192 forte.
1401 2145 1463 2180 Sic

117 2203 223 2241 Flor.
257 2202 383 2240 Guelf.
418 2216 505 2238 cum
534 2203 650 2238 Goth.
677 2202 774 2240 Jens.
795 2212 833 2236 et
853 2201 937 2236 edd.
960 2200 1118 2249 poster-r.
1142 2211 1226 2237 ante
1249 2201 1398 2249 Gryph.
1425 2203 1464 2235 in

111 2258 148 2308 f.
170 2260 302 2295 Turio.
333 2259 400 2303 (cf.
427 2260 472 2294 de
497 2260 565 2294 hac
588 2258 811 2294 confusione
833 2256 1031 2292 Drakenb.
1055 2256 1101 2291 ad
1122 2257 1213 2291 Liv.
1234 2264 1300 2301 58,
1324 2267 1390 2301 50,
1415 2259 1466 2300 ι.)

117 2315 278 2364 Reliqui
307 2314 377 2364 nisi
388 2315 424 2364 f.
449 2329 615 2364 quorum
639 2326 675 2351 et
697 2315 827 2362 Camp.
849 2313 895 2349 cf.
917 2313 1083 2348 eundem
1104 2313 1151 2348 ad
1170 2322 1236 2357 25,
1264 2328 1297 2353 ι,
1324 2321 1361 2358 8.
1393 2316 1463 2349 Su-

118 2372 242 2421 spicor
272 2383 399 2408 autem
419 2373 502 2421 post
518 2371 626 2420 forte
648 2370 884 2406 intercidiffe
907 2366 968 2416 efi.
1194 2378 1270 2405 tam
1295 2383 1462 2406 numero·

112 2427 186 2478 sus.
229 2430 292 2466 Sic
310 2429 443 2464 Turic-
467 2428 594 2465 Guelf.
627 2429 758 2476 Camp.
790 2439 880 2463 cum
909 2424 1028 2462 Goth.
1057 2425 1162 2465 Voss'.
1188 2436 1225 2462 2.
1258 2439 1346 2463 cum
1373 2426 1460 2463 edd.

179 2561 242 2595 27.
261 2552 426 2588 laborat.
460 2552 598 2588 Malim
620 2551 765 2587 labora-
878 2551 988 2587 locus.
1023 2550 1135 2589 Certa
1165 2549 1351 2587 tractandi
1372 2563 1465 2599 pro-

123 2617 180 2645 tur
191 2609 256 2651 (cf.
279 2623 292 2643 1
306 2622 338 2650 1,
353 2619 389 2653 5,
406 2612 488 2654 57.)
502 2625 511 2652 ;
524 2623 648 2658 neque
661 2609 765 2644 enim
821 2608 938 2658 positi
958 2620 1068 2657 pars;
1093 2609 1284 2643 materiam
1307 2607 1469 2643 barbare

122 2664 165 2700 in
188 2666 314 2701 activo
338 2667 549 2714 subjectum
574 2667 624 2702 est
643 2666 766 2701 mani.-
825 2665 1005 2702 dicimus.
1036 2663 1262 2714 numerosum
1279 2663 1325 2700 cf.
1339 2664 1385 2700 ad
1404 2676 1467 2705 ιο,

126 2719 273 2759 festum.
303 2733 341 2758 et
362 2736 457 2760 mox
469 2723 540 2774 sed
560 2737 631 2774 pro
652 2731 698 2759 ec.
826 2730 864 2767 5.
897 2734 934 2771 9.
