<?xml version="1.0" encoding="UTF-8"?>
<!DOCTYPE html PUBLIC "-//W3C//DTD XHTML 1.0 Transitional//EN"
    "http://www.w3.org/TR/xhtml1/DTD/xhtml1-transitional.dtd">
<html xmlns="http://www.w3.org/1999/xhtml" xml:lang="en" lang="en">
 <head>
  <title>
</title>
<meta http-equiv="Content-Type" content="text/html;charset=utf-8" />
  <meta name='ocr-system' content='tesseract 3.04.00' />
  <meta name='ocr-capabilities' content='ocr_page ocr_carea ocr_par ocr_line ocrx_word'/>
</head>
<body>
  <div class='ocr_page' id='page_1' title='image "./lexiconquintilia04bonnuoft/lexiconquintilia04bonnuoft_0013.png"; bbox 0 0 1644 2982; ppageno 0'>
   <div class='ocr_carea' id='block_1_1' title="bbox 554 176 1428 232">
    <p class='ocr_par' dir='ltr' id='par_1_1' title="bbox 554 176 1428 232">
     <span class='ocr_line' id='line_1_1' title="bbox 554 176 1428 232; baseline -0.006 -7"><span class='ocrx_word' id='word_1_1' title='bbox 554 176 1002 232; x_wconf 77' lang='lat' dir='ltr'>PRAEFATIO.</span> <span class='ocrx_word' id='word_1_2' title='bbox 1372 189 1428 220; x_wconf 73' lang='lat' dir='ltr'><strong>tx</strong></span> 
     </span>
    </p>
   </div>
   <div class='ocr_carea' id='block_1_2' title="bbox 19 309 1446 2666">
    <p class='ocr_par' dir='ltr' id='par_1_2' title="bbox 19 309 1445 2321">
     <span class='ocr_line' id='line_1_2' title="bbox 92 309 1430 383; baseline -0.009 -13"><span class='ocrx_word' id='word_1_3' title='bbox 92 317 218 370; x_wconf 79' lang='lat' dir='ltr'><strong>Libri</strong></span> <span class='ocrx_word' id='word_1_4' title='bbox 249 315 516 379; x_wconf 80' lang='lat' dir='ltr'><strong>eiusmodi</strong></span> <span class='ocrx_word' id='word_1_5' title='bbox 537 315 664 376; x_wconf 84' lang='lat' dir='ltr'><strong>fere,</strong></span> <span class='ocrx_word' id='word_1_6' title='bbox 702 331 836 383; x_wconf 86' lang='lat' dir='ltr'><strong>quos</strong></span> <span class='ocrx_word' id='word_1_7' title='bbox 869 313 1009 364; x_wconf 81' lang='lat' dir='ltr'>nihil</span> <span class='ocrx_word' id='word_1_8' title='bbox 1031 311 1278 380; x_wconf 84' lang='lat' dir='ltr'><strong>primitus</strong></span> <span class='ocrx_word' id='word_1_9' title='bbox 1306 309 1430 360; x_wconf 85' lang='lat' dir='ltr'><strong>dare</strong></span> 
     </span>
     <span class='ocr_line' id='line_1_3' title="bbox 91 401 1429 468; baseline -0.004 -14"><span class='ocrx_word' id='word_1_10' title='bbox 91 404 210 454; x_wconf 77' lang='lat' dir='ltr'><strong>satis</strong></span> <span class='ocrx_word' id='word_1_11' title='bbox 262 403 475 464; x_wconf 87' lang='lat' dir='ltr'><strong>constat,</strong></span> <span class='ocrx_word' id='word_1_12' title='bbox 517 415 577 455; x_wconf 89' lang='lat' dir='ltr'><strong>ut</strong></span> <span class='ocrx_word' id='word_1_13' title='bbox 624 403 771 455; x_wconf 80' lang='lat' dir='ltr'><strong>Bam.</strong></span> <span class='ocrx_word' id='word_1_14' title='bbox 823 409 982 467; x_wconf 79' lang='lat'>1541.</span> <span class='ocrx_word' id='word_1_15' title='bbox 1022 401 1224 468; x_wconf 83' lang='lat' dir='ltr'><strong>Gryph.</strong></span> <span class='ocrx_word' id='word_1_16' title='bbox 1266 402 1429 449; x_wconf 87' lang='lat' dir='ltr'><strong>Stoer.</strong></span> 
     </span>
     <span class='ocr_line' id='line_1_4' title="bbox 91 489 1431 558; baseline -0.006 -14"><span class='ocrx_word' id='word_1_17' title='bbox 91 495 251 544; x_wconf 91' lang='lat' dir='ltr'><strong>Hunc</strong></span> <span class='ocrx_word' id='word_1_18' title='bbox 303 492 571 545; x_wconf 84' lang='lat' dir='ltr'><strong>defectum</strong></span> <span class='ocrx_word' id='word_1_19' title='bbox 615 492 824 558; x_wconf 84' lang='lat' dir='ltr'><strong>explere</strong></span> <span class='ocrx_word' id='word_1_20' title='bbox 875 508 974 556; x_wconf 87' lang='lat' dir='ltr'><strong>ego</strong></span> <span class='ocrx_word' id='word_1_21' title='bbox 1021 505 1194 554; x_wconf 86' lang='lat' dir='ltr'><strong>neque</strong></span> <span class='ocrx_word' id='word_1_22' title='bbox 1247 489 1431 555; x_wconf 84' lang='lat' dir='ltr'><strong>potui,</strong></span> 
     </span>
     <span class='ocr_line' id='line_1_5' title="bbox 91 575 1431 647; baseline -0.004 -17"><span class='ocrx_word' id='word_1_23' title='bbox 91 598 293 647; x_wconf 86' lang='lat' dir='ltr'><strong>neque,</strong></span> <span class='ocrx_word' id='word_1_24' title='bbox 351 579 395 630; x_wconf 83' lang='lat' dir='ltr'><strong>si</strong></span> <span class='ocrx_word' id='word_1_25' title='bbox 434 575 735 647; x_wconf 66' lang='lat' dir='ltr'><strong>potuiffem{</strong></span> <span class='ocrx_word' id='word_1_26' title='bbox 782 581 842 629; x_wconf 87' lang='lat' dir='ltr'><strong>in</strong></span> <span class='ocrx_word' id='word_1_27' title='bbox 882 589 987 627; x_wconf 86' lang='lat' dir='ltr'><strong>tam</strong></span> <span class='ocrx_word' id='word_1_28' title='bbox 1025 578 1240 644; x_wconf 84' lang='lat' dir='ltr'><strong>exigua,</strong></span> <span class='ocrx_word' id='word_1_29' title='bbox 1295 593 1431 641; x_wconf 85' lang='lat' dir='ltr'><strong>quae</strong></span> 
     </span>
     <span class='ocr_line' id='line_1_6' title="bbox 90 667 1432 732; baseline -0.004 -13"><span class='ocrx_word' id='word_1_30' title='bbox 90 669 230 719; x_wconf 81' lang='lat' dir='ltr'><strong>mihi</strong></span> <span class='ocrx_word' id='word_1_31' title='bbox 261 669 571 719; x_wconf 85' lang='lat' dir='ltr'><strong>demandata</strong></span> <span class='ocrx_word' id='word_1_32' title='bbox 606 667 802 726; x_wconf 84' lang='lat' dir='ltr'><strong>fuerat,</strong></span> <span class='ocrx_word' id='word_1_33' title='bbox 839 667 1077 716; x_wconf 86' lang='lat' dir='ltr'><strong>muneris</strong></span> <span class='ocrx_word' id='word_1_34' title='bbox 1117 676 1264 732; x_wconf 86' lang='lat' dir='ltr'><strong>parte</strong></span> <span class='ocrx_word' id='word_1_35' title='bbox 1305 682 1432 732; x_wconf 79' lang='lat' dir='ltr'><strong>ope-</strong></span> 
     </span>
     <span class='ocr_line' id='line_1_7' title="bbox 93 752 1430 823; baseline -0.003 -17"><span class='ocrx_word' id='word_1_36' title='bbox 93 774 179 806; x_wconf 84' lang='lat' dir='ltr'><strong>rae</strong></span> <span class='ocrx_word' id='word_1_37' title='bbox 218 758 451 823; x_wconf 87' lang='lat' dir='ltr'><strong>pretium</strong></span> <span class='ocrx_word' id='word_1_38' title='bbox 481 753 667 806; x_wconf 82' lang='lat' dir='ltr'><strong>fuiffet.</strong></span> <span class='ocrx_word' id='word_1_39' title='bbox 749 756 925 807; x_wconf 89' lang='lat' dir='ltr'><strong>Tenui</strong></span> <span class='ocrx_word' id='word_1_40' title='bbox 952 756 1132 820; x_wconf 85' lang='lat' dir='ltr'><strong>itaque</strong></span> <span class='ocrx_word' id='word_1_41' title='bbox 1166 753 1232 803; x_wconf 87' lang='lat' dir='ltr'><strong>ad</strong></span> <span class='ocrx_word' id='word_1_42' title='bbox 1259 752 1430 803; x_wconf 83' lang='lat' dir='ltr'><strong>finem</strong></span> 
     </span>
     <span class='ocr_line' id='line_1_8' title="bbox 93 842 1432 911; baseline -0.003 -17"><span class='ocrx_word' id='word_1_43' title='bbox 93 862 261 911; x_wconf 87' lang='lat' dir='ltr'><strong>usque</strong></span> <span class='ocrx_word' id='word_1_44' title='bbox 300 842 575 896; x_wconf 82' lang='lat' dir='ltr'><strong>decefforis</strong></span> <span class='ocrx_word' id='word_1_45' title='bbox 615 861 836 897; x_wconf 87' lang='lat' dir='ltr'><strong>morem.</strong></span> <span class='ocrx_word' id='word_1_46' title='bbox 909 844 1040 893; x_wconf 87' lang='lat' dir='ltr'><strong>Non</strong></span> <span class='ocrx_word' id='word_1_47' title='bbox 1075 854 1249 892; x_wconf 88' lang='lat' dir='ltr'><strong>tamen</strong></span> <span class='ocrx_word' id='word_1_48' title='bbox 1289 842 1432 903; x_wconf 84' lang='lat' dir='ltr'><strong>inju-</strong></span> 
     </span>
     <span class='ocr_line' id='line_1_9' title="bbox 90 929 1445 999; baseline -0.002 -17"><span class='ocrx_word' id='word_1_49' title='bbox 90 933 170 982; x_wconf 79' lang='lat' dir='ltr'><strong>ria</strong></span> <span class='ocrx_word' id='word_1_50' title='bbox 221 950 249 981; x_wconf 85' lang='lat' dir='ltr'><strong>a</strong></span> <span class='ocrx_word' id='word_1_51' title='bbox 307 929 802 999; x_wconf 81' lang='lat' dir='ltr'><strong>supplementorum</strong></span> <span class='ocrx_word' id='word_1_52' title='bbox 855 931 1077 981; x_wconf 85' lang='lat' dir='ltr'><strong>illorum</strong></span> <span class='ocrx_word' id='word_1_53' title='bbox 1130 930 1445 988; x_wconf 31' lang='lat' dir='ltr'><strong>confectore·</strong></span> 
     </span>
     <span class='ocr_line' id='line_1_10' title="bbox 89 1018 1434 1086; baseline -0.001 -17"><span class='ocrx_word' id='word_1_54' title='bbox 89 1020 420 1084; x_wconf 81' lang='lat' dir='ltr'><strong>requiretur,</strong></span> <span class='ocrx_word' id='word_1_55' title='bbox 477 1030 539 1070; x_wconf 89' lang='lat' dir='ltr'><strong>ut</strong></span> <span class='ocrx_word' id='word_1_56' title='bbox 577 1021 819 1079; x_wconf 84' lang='lat' dir='ltr'><strong>illarum,</strong></span> <span class='ocrx_word' id='word_1_57' title='bbox 874 1018 1072 1086; x_wconf 89' lang='lat' dir='ltr'><strong>quibus</strong></span> <span class='ocrx_word' id='word_1_58' title='bbox 1109 1019 1200 1069; x_wconf 90' lang='lat' dir='ltr'><strong>ille</strong></span> <span class='ocrx_word' id='word_1_59' title='bbox 1241 1020 1434 1078; x_wconf 87' lang='lat' dir='ltr'><strong>caruit,</strong></span> 
     </span>
     <span class='ocr_line' id='line_1_11' title="bbox 89 1106 1436 1175; baseline 0.001 -20"><span class='ocrx_word' id='word_1_60' title='bbox 89 1106 410 1166; x_wconf 81' lang='lat' dir='ltr'><strong>editionum,</strong></span> <span class='ocrx_word' id='word_1_61' title='bbox 449 1107 516 1157; x_wconf 89' lang='lat' dir='ltr'><strong>de</strong></span> <span class='ocrx_word' id='word_1_62' title='bbox 552 1109 750 1175; x_wconf 87' lang='lat' dir='ltr'><strong>quibus</strong></span> <span class='ocrx_word' id='word_1_63' title='bbox 782 1124 906 1175; x_wconf 87' lang='lat' dir='ltr'><strong>prae</strong></span> <span class='ocrx_word' id='word_1_64' title='bbox 927 1108 1112 1158; x_wconf 89' lang='lat' dir='ltr'><strong>ceteris</strong></span> <span class='ocrx_word' id='word_1_65' title='bbox 1138 1106 1320 1158; x_wconf 86' lang='lat' dir='ltr'><strong>indico</strong></span> <span class='ocrx_word' id='word_1_66' title='bbox 1341 1110 1436 1157; x_wconf 88' lang='lat' dir='ltr'><strong>Ba-</strong></span> 
     </span>
     <span class='ocr_line' id='line_1_12' title="bbox 87 1192 1433 1266; baseline 0.002 -23"><span class='ocrx_word' id='word_1_67' title='bbox 87 1192 175 1243; x_wconf 76' lang='lat' dir='ltr'><strong>fil.</strong></span> <span class='ocrx_word' id='word_1_68' title='bbox 205 1197 243 1244; x_wconf 93' lang='grc' dir='ltr'><strong>Ι.</strong></span> <span class='ocrx_word' id='word_1_69' title='bbox 301 1194 561 1266; x_wconf 84' lang='lat'><strong>(1527.)‚</strong></span> <span class='ocrx_word' id='word_1_70' title='bbox 602 1197 681 1247; x_wconf 88' lang='lat' dir='ltr'><strong>ed.</strong></span> <span class='ocrx_word' id='word_1_71' title='bbox 722 1197 981 1247; x_wconf 78' lang='lat' dir='ltr'><strong>Vidovaei</strong></span> <span class='ocrx_word' id='word_1_72' title='bbox 1032 1194 1216 1260; x_wconf 83' lang='lat' dir='ltr'><strong>(Paris.</strong></span> <span class='ocrx_word' id='word_1_73' title='bbox 1275 1209 1433 1259; x_wconf 79' lang='lat'>1527.</span> 
     </span>
     <span class='ocr_line' id='line_1_13' title="bbox 97 1283 1435 1354; baseline 0.004 -24"><span class='ocrx_word' id='word_1_74' title='bbox 97 1286 296 1348; x_wconf 56' lang='lat'>1553),</span> <span class='ocrx_word' id='word_1_75' title='bbox 325 1283 589 1335; x_wconf 82' lang='lat' dir='ltr'><strong>Vascosani</strong></span> <span class='ocrx_word' id='word_1_76' title='bbox 611 1285 790 1353; x_wconf 83' lang='lat' dir='ltr'><strong>(Paris.</strong></span> <span class='ocrx_word' id='word_1_77' title='bbox 819 1297 977 1344; x_wconf 80' lang='lat'>1558-</span> <span class='ocrx_word' id='word_1_78' title='bbox 1013 1283 1212 1354; x_wconf 55' lang='lat'>1549),</span> <span class='ocrx_word' id='word_1_79' title='bbox 1244 1284 1435 1336; x_wconf 85' lang='lat' dir='ltr'><strong>Ascen-</strong></span> 
     </span>
     <span class='ocr_line' id='line_1_14' title="bbox 89 1368 1434 1433; baseline 0.004 -15"><span class='ocrx_word' id='word_1_80' title='bbox 89 1368 286 1421; x_wconf 79' lang='lat' dir='ltr'><strong>sianam</strong></span> <span class='ocrx_word' id='word_1_81' title='bbox 305 1386 405 1430; x_wconf 71' lang='lat'><strong>155</strong></span> <span class='ocrx_word' id='word_1_82' title='bbox 421 1391 461 1422; x_wconf 89' lang='lat'><strong>1.</strong></span> <span class='ocrx_word' id='word_1_83' title='bbox 490 1391 614 1423; x_wconf 89' lang='lat' dir='ltr'><strong>cum</strong></span> <span class='ocrx_word' id='word_1_84' title='bbox 635 1376 777 1423; x_wconf 85' lang='lat' dir='ltr'><strong>notis</strong></span> <span class='ocrx_word' id='word_1_85' title='bbox 799 1372 1090 1433; x_wconf 83' lang='lat' dir='ltr'><strong>Philandri‚</strong></span> <span class='ocrx_word' id='word_1_86' title='bbox 1113 1384 1163 1423; x_wconf 87' lang='lat' dir='ltr'><strong>et</strong></span> <span class='ocrx_word' id='word_1_87' title='bbox 1187 1375 1434 1424; x_wconf 89' lang='lat' dir='ltr'><strong>omnium</strong></span> 
     </span>
     <span class='ocr_line' id='line_1_15' title="bbox 89 1459 1433 1522; baseline 0.004 -15"><span class='ocrx_word' id='word_1_88' title='bbox 89 1461 316 1508; x_wconf 85' lang='lat' dir='ltr'><strong>maxime</strong></span> <span class='ocrx_word' id='word_1_89' title='bbox 362 1459 741 1512; x_wconf 75' lang='lat' dir='ltr'><strong>Gallandianas</strong></span> <span class='ocrx_word' id='word_1_90' title='bbox 781 1462 908 1511; x_wconf 85' lang='lat' dir='ltr'><strong>inde</strong></span> <span class='ocrx_word' id='word_1_91' title='bbox 949 1462 1012 1511; x_wconf 90' lang='lat' dir='ltr'><strong>ab</strong></span> <span class='ocrx_word' id='word_1_92' title='bbox 1051 1479 1092 1510; x_wconf 86' lang='lat' dir='ltr'><strong>a.</strong></span> <span class='ocrx_word' id='word_1_93' title='bbox 1131 1475 1308 1522; x_wconf 63' lang='lat'>1558„</span> <span class='ocrx_word' id='word_1_94' title='bbox 1347 1481 1433 1514; x_wconf 88' lang='lat' dir='ltr'><strong>co-</strong></span> 
     </span>
     <span class='ocr_line' id='line_1_16' title="bbox 91 1544 1439 1618; baseline 0.004 -23"><span class='ocrx_word' id='word_1_95' title='bbox 91 1548 236 1614; x_wconf 84' lang='lat' dir='ltr'><strong>piam</strong></span> <span class='ocrx_word' id='word_1_96' title='bbox 273 1545 373 1598; x_wconf 78' lang='lat' dir='ltr'><strong>fibi</strong></span> <span class='ocrx_word' id='word_1_97' title='bbox 412 1565 441 1596; x_wconf 90' lang='lat' dir='ltr'><strong>e</strong></span> <span class='ocrx_word' id='word_1_98' title='bbox 486 1544 793 1599; x_wconf 86' lang='lat' dir='ltr'><strong>Germaniae</strong></span> <span class='ocrx_word' id='word_1_99' title='bbox 845 1551 1182 1602; x_wconf 87' lang='lat' dir='ltr'><strong>bibliothecis</strong></span> <span class='ocrx_word' id='word_1_100' title='bbox 1226 1568 1439 1618; x_wconf 87' lang='lat' dir='ltr'><strong>compa-</strong></span> 
     </span>
     <span class='ocr_line' id='line_1_17' title="bbox 93 1635 1438 1711; baseline 0.004 -26"><span class='ocrx_word' id='word_1_101' title='bbox 93 1645 187 1685; x_wconf 82' lang='lat' dir='ltr'><strong>ret.</strong></span> <span class='ocrx_word' id='word_1_102' title='bbox 276 1638 360 1685; x_wconf 88' lang='lat' dir='ltr'><strong>De</strong></span> <span class='ocrx_word' id='word_1_103' title='bbox 403 1637 586 1687; x_wconf 81' lang='lat' dir='ltr'><strong>Codice</strong></span> <span class='ocrx_word' id='word_1_104' title='bbox 635 1649 811 1689; x_wconf 87' lang='lat' dir='ltr'><strong>autem</strong></span> <span class='ocrx_word' id='word_1_105' title='bbox 870 1635 1156 1711; x_wconf 78' lang='lat' dir='ltr'><strong>Turicensi,</strong></span> <span class='ocrx_word' id='word_1_106' title='bbox 1215 1639 1365 1704; x_wconf 88' lang='lat' dir='ltr'><strong>quod</strong></span> <span class='ocrx_word' id='word_1_107' title='bbox 1407 1657 1438 1690; x_wconf 88' lang='lat' dir='ltr'><strong>e</strong></span> 
     </span>
     <span class='ocr_line' id='line_1_18' title="bbox 92 1723 1439 1794; baseline 0.005 -22"><span class='ocrx_word' id='word_1_108' title='bbox 92 1723 388 1790; x_wconf 80' lang='lat' dir='ltr'><strong>Spaldingii</strong></span> <span class='ocrx_word' id='word_1_109' title='bbox 428 1724 495 1776; x_wconf 88' lang='lat' dir='ltr'><strong>ad</strong></span> <span class='ocrx_word' id='word_1_110' title='bbox 517 1727 630 1776; x_wconf 91' lang='lat' dir='ltr'><strong>Vol.</strong></span> <span class='ocrx_word' id='word_1_111' title='bbox 654 1729 689 1776; x_wconf 90' lang='grc' dir='ltr'><strong>Ι.</strong></span> <span class='ocrx_word' id='word_1_112' title='bbox 734 1727 1059 1794; x_wconf 84' lang='lat' dir='ltr'><strong>praefatione</strong></span> <span class='ocrx_word' id='word_1_113' title='bbox 1100 1726 1313 1787; x_wconf 84' lang='lat' dir='ltr'><strong>constat,</strong></span> <span class='ocrx_word' id='word_1_114' title='bbox 1341 1730 1439 1779; x_wconf 86' lang='lat' dir='ltr'><strong>ite-</strong></span> 
     </span>
     <span class='ocr_line' id='line_1_19' title="bbox 19 1803 1440 1872; baseline 0.004 -10"><span class='ocrx_word' id='word_1_115' title='bbox 19 1803 21 1807; x_wconf 14' lang='grc' dir='ltr'><em>Α</em></span> <span class='ocrx_word' id='word_1_116' title='bbox 92 1829 216 1863; x_wconf 86' lang='lat' dir='ltr'><strong>rum</strong></span> <span class='ocrx_word' id='word_1_117' title='bbox 255 1830 482 1872; x_wconf 90' lang='lat' dir='ltr'><strong>moneo,</strong></span> <span class='ocrx_word' id='word_1_118' title='bbox 537 1816 876 1866; x_wconf 85' lang='lat' dir='ltr'><strong>collationem</strong></span> <span class='ocrx_word' id='word_1_119' title='bbox 917 1816 981 1865; x_wconf 86' lang='lat' dir='ltr'><strong>ab</strong></span> <span class='ocrx_word' id='word_1_120' title='bbox 1023 1817 1208 1866; x_wconf 86' lang='lat' dir='ltr'><strong>Ulrico</strong></span> <span class='ocrx_word' id='word_1_121' title='bbox 1247 1815 1440 1869; x_wconf 85' lang='lat' dir='ltr'><strong>factam</strong></span> 
     </span>
     <span class='ocr_line' id='line_1_20' title="bbox 92 1901 1440 1971; baseline 0.006 -22"><span class='ocrx_word' id='word_1_122' title='bbox 92 1901 328 1967; x_wconf 85' lang='lat' dir='ltr'><strong>incipere</strong></span> <span class='ocrx_word' id='word_1_123' title='bbox 366 1920 395 1950; x_wconf 87' lang='lat' dir='ltr'><strong>a</strong></span> <span class='ocrx_word' id='word_1_124' title='bbox 434 1905 591 1954; x_wconf 85' lang='lat' dir='ltr'><strong>tertio</strong></span> <span class='ocrx_word' id='word_1_125' title='bbox 634 1903 854 1955; x_wconf 87' lang='lat' dir='ltr'><strong>demum</strong></span> <span class='ocrx_word' id='word_1_126' title='bbox 881 1904 1041 1956; x_wconf 71' lang='lat' dir='ltr'><strong>libro·</strong></span> <span class='ocrx_word' id='word_1_127' title='bbox 1116 1906 1286 1971; x_wconf 84' lang='lat' dir='ltr'><strong>Igitur</strong></span> <span class='ocrx_word' id='word_1_128' title='bbox 1316 1925 1440 1957; x_wconf 91' lang='lat' dir='ltr'><strong>cum</strong></span> 
     </span>
     <span class='ocr_line' id='line_1_21' title="bbox 92 1989 1440 2057; baseline 0.004 -19"><span class='ocrx_word' id='word_1_129' title='bbox 92 1989 426 2057; x_wconf 85' lang='lat' dir='ltr'><strong>Sulzbergeri</strong></span> <span class='ocrx_word' id='word_1_130' title='bbox 470 1992 686 2043; x_wconf 86' lang='lat' dir='ltr'><strong>libellus</strong></span> <span class='ocrx_word' id='word_1_131' title='bbox 734 1993 938 2043; x_wconf 87' lang='lat' dir='ltr'><strong>ibidem</strong></span> <span class='ocrx_word' id='word_1_132' title='bbox 978 2004 1303 2043; x_wconf 85' lang='lat' dir='ltr'><strong>memoratus</strong></span> <span class='ocrx_word' id='word_1_133' title='bbox 1349 2012 1440 2044; x_wconf 85' lang='lat' dir='ltr'><strong>va-</strong></span> 
     </span>
     <span class='ocr_line' id='line_1_22' title="bbox 93 2077 1439 2148; baseline 0.004 -21"><span class='ocrx_word' id='word_1_134' title='bbox 93 2077 333 2128; x_wconf 82' lang='lat' dir='ltr'><strong>rietatem</strong></span> <span class='ocrx_word' id='word_1_135' title='bbox 364 2079 632 2138; x_wconf 86' lang='lat' dir='ltr'><strong>librorum</strong></span> <span class='ocrx_word' id='word_1_136' title='bbox 678 2099 700 2129; x_wconf 90' lang='lat'>1</span> <span class='ocrx_word' id='word_1_137' title='bbox 747 2091 800 2131; x_wconf 92' lang='lat' dir='ltr'><strong>et</strong></span> <span class='ocrx_word' id='word_1_138' title='bbox 838 2098 866 2130; x_wconf 81' lang='lat'>2</span> <span class='ocrx_word' id='word_1_139' title='bbox 909 2099 1023 2132; x_wconf 90' lang='lat' dir='ltr'><strong>non</strong></span> <span class='ocrx_word' id='word_1_140' title='bbox 1059 2083 1298 2148; x_wconf 87' lang='lat' dir='ltr'><strong>plenam,</strong></span> <span class='ocrx_word' id='word_1_141' title='bbox 1348 2081 1439 2133; x_wconf 81' lang='lat' dir='ltr'><strong>sed</strong></span> 
     </span>
     <span class='ocr_line' id='line_1_23' title="bbox 95 2162 1438 2236; baseline 0.006 -22"><span class='ocrx_word' id='word_1_142' title='bbox 95 2162 185 2214; x_wconf 83' lang='lat' dir='ltr'><strong>hic</strong></span> <span class='ocrx_word' id='word_1_143' title='bbox 217 2165 330 2215; x_wconf 84' lang='lat' dir='ltr'><strong>illic</strong></span> <span class='ocrx_word' id='word_1_144' title='bbox 367 2177 575 2218; x_wconf 87' lang='lat' dir='ltr'><strong>tantum</strong></span> <span class='ocrx_word' id='word_1_145' title='bbox 607 2177 904 2235; x_wconf 79' lang='lat' dir='ltr'><strong>excerptam</strong></span> <span class='ocrx_word' id='word_1_146' title='bbox 931 2170 1191 2236; x_wconf 86' lang='lat' dir='ltr'><strong>praebeat,</strong></span> <span class='ocrx_word' id='word_1_147' title='bbox 1215 2170 1438 2222; x_wconf 90' lang='lat' dir='ltr'><strong>illorum</strong></span> 
     </span>
     <span class='ocr_line' id='line_1_24' title="bbox 95 2252 1183 2321; baseline 0.01 -22"><span class='ocrx_word' id='word_1_148' title='bbox 95 2252 254 2302; x_wconf 87' lang='lat' dir='ltr'><strong>etiam</strong></span> <span class='ocrx_word' id='word_1_149' title='bbox 293 2253 449 2319; x_wconf 88' lang='lat' dir='ltr'><strong>plena</strong></span> <span class='ocrx_word' id='word_1_150' title='bbox 488 2257 660 2321; x_wconf 86' lang='lat' dir='ltr'><strong>parari</strong></span> <span class='ocrx_word' id='word_1_151' title='bbox 699 2255 914 2307; x_wconf 87' lang='lat' dir='ltr'><strong>debebit</strong></span> <span class='ocrx_word' id='word_1_152' title='bbox 955 2258 1183 2310; x_wconf 82' lang='lat' dir='ltr'><strong>collatio.</strong></span> 
     </span>
    </p>

    <p class='ocr_par' dir='ltr' id='par_1_3' title="bbox 94 2342 1446 2666">
     <span class='ocr_line' id='line_1_25' title="bbox 205 2342 1443 2415; baseline 0.01 -26"><span class='ocrx_word' id='word_1_153' title='bbox 205 2342 332 2400; x_wconf 84' lang='lat' dir='ltr'><strong>Jam,</strong></span> <span class='ocrx_word' id='word_1_154' title='bbox 374 2345 620 2407; x_wconf 89' lang='lat' dir='ltr'><strong>quamvis</strong></span> <span class='ocrx_word' id='word_1_155' title='bbox 649 2346 846 2404; x_wconf 86' lang='lat' dir='ltr'><strong>omnia,</strong></span> <span class='ocrx_word' id='word_1_156' title='bbox 885 2361 1020 2411; x_wconf 85' lang='lat' dir='ltr'><strong>quae</strong></span> <span class='ocrx_word' id='word_1_157' title='bbox 1042 2343 1164 2412; x_wconf 37' lang='lat' dir='ltr'><strong>‘ssve</strong></span> <span class='ocrx_word' id='word_1_158' title='bbox 1187 2350 1443 2415; x_wconf 85' lang='lat' dir='ltr'><strong>augendis</strong></span> 
     </span>
     <span class='ocr_line' id='line_1_26' title="bbox 94 2423 1444 2500; baseline 0.011 -25"><span class='ocrx_word' id='word_1_159' title='bbox 94 2423 205 2476; x_wconf 81' lang='lat' dir='ltr'><strong>sive</strong></span> <span class='ocrx_word' id='word_1_160' title='bbox 253 2431 581 2496; x_wconf 87' lang='lat' dir='ltr'><strong>corrigendis</strong></span> <span class='ocrx_word' id='word_1_161' title='bbox 613 2433 911 2500; x_wconf 76' lang='lat' dir='ltr'><strong>Spaldingii</strong></span> <span class='ocrx_word' id='word_1_162' title='bbox 943 2433 1010 2483; x_wconf 89' lang='lat' dir='ltr'><strong>ad</strong></span> <span class='ocrx_word' id='word_1_163' title='bbox 1041 2434 1244 2500; x_wconf 84' lang='lat' dir='ltr'><strong>priores</strong></span> <span class='ocrx_word' id='word_1_164' title='bbox 1278 2439 1444 2490; x_wconf 84' lang='lat' dir='ltr'><strong>libros</strong></span> 
     </span>
     <span class='ocr_line' id='line_1_27' title="bbox 95 2518 1446 2589; baseline 0.01 -26"><span class='ocrx_word' id='word_1_165' title='bbox 95 2519 486 2572; x_wconf 82' lang='lat' dir='ltr'><strong>commentariis</strong></span> <span class='ocrx_word' id='word_1_166' title='bbox 514 2518 839 2581; x_wconf 85' lang='lat' dir='ltr'><strong>inserviunt,</strong></span> <span class='ocrx_word' id='word_1_167' title='bbox 873 2520 1242 2589; x_wconf 81' lang='lat' dir='ltr'><strong>supplemento</strong></span> <span class='ocrx_word' id='word_1_168' title='bbox 1263 2527 1345 2575; x_wconf 87' lang='lat' dir='ltr'><strong>illi</strong></span> <span class='ocrx_word' id='word_1_169' title='bbox 1364 2544 1446 2576; x_wconf 85' lang='lat' dir='ltr'><strong>re-</strong></span> 
     </span>
     <span class='ocr_line' id='line_1_28' title="bbox 94 2601 1444 2666; baseline 0.01 -15"><span class='ocrx_word' id='word_1_170' title='bbox 94 2601 370 2655; x_wconf 82' lang='lat' dir='ltr'><strong>serventur</strong></span> <span class='ocrx_word' id='word_1_171' title='bbox 398 2608 762 2659; x_wconf 85' lang='lat' dir='ltr'><strong>commodius:</strong></span> <span class='ocrx_word' id='word_1_172' title='bbox 789 2627 902 2660; x_wconf 93' lang='lat' dir='ltr'><strong>non</strong></span> <span class='ocrx_word' id='word_1_173' title='bbox 916 2621 1092 2661; x_wconf 84' lang='lat' dir='ltr'><strong>tamen</strong></span> <span class='ocrx_word' id='word_1_174' title='bbox 1114 2613 1350 2664; x_wconf 78' lang='lat' dir='ltr'><strong>alienum</strong></span> <span class='ocrx_word' id='word_1_175' title='bbox 1364 2618 1444 2666; x_wconf 84' lang='lat' dir='ltr'><strong>vi-</strong></span> 
     </span>
    </p>
   </div>
   <div class='ocr_carea' id='block_1_3' title="bbox 99 2689 1446 2769">
    <p class='ocr_par' dir='ltr' id='par_1_4' title="bbox 99 2689 1446 2769">
     <span class='ocr_line' id='line_1_29' title="bbox 99 2689 1446 2769; baseline 0.008 -25"><span class='ocrx_word' id='word_1_176' title='bbox 99 2689 271 2753; x_wconf 77' lang='lat' dir='ltr'><strong>detur,</strong></span> <span class='ocrx_word' id='word_1_177' title='bbox 281 2694 369 2752; x_wconf 77' lang='lat' dir='ltr'><strong>hic</strong></span> <span class='ocrx_word' id='word_1_178' title='bbox 395 2697 654 2764; x_wconf 74' lang='lat' dir='ltr'><strong>quaedam</strong></span> <span class='ocrx_word' id='word_1_179' title='bbox 673 2697 931 2766; x_wconf 81' lang='lat' dir='ltr'><strong>proferre,</strong></span> <span class='ocrx_word' id='word_1_180' title='bbox 948 2717 1084 2767; x_wconf 75' lang='lat' dir='ltr'><strong>quae</strong></span> <span class='ocrx_word' id='word_1_181' title='bbox 1105 2700 1219 2769; x_wconf 77' lang='lat' dir='ltr'><strong>post</strong></span> <span class='ocrx_word' id='word_1_182' title='bbox 1236 2703 1446 2762; x_wconf 84' lang='lat' dir='ltr'><strong>obitum</strong></span> 
     </span>
    </p>
   </div>
  </div>
 </body>
</html>
