1676 3028
223 252 315 298 178
535 244 608 289 M.
641 245 776 290 FAB.
812 244 1223 304 QUINTILIANI

217 366 360 414 enirn
427 368 754 431 generalibus
820 366 1208 432 quaestionibus
1293 367 1540 417 constant.

216 442 358 490 Nam
382 442 514 504 quid
536 442 761 500 interest,
804 443 1064 491 Cornelius
1101 440 1351 491 Tribunus
1379 442 1543 507 plebis

220 517 361 580 quod
380 518 592 565 codicem
618 518 818 586 legerit,
856 535 977 566 reus
997 516 1084 564 sit:
1125 534 1186 565 an
1218 534 1542 584 quaeramus,

227 593 288 640 V
283 591 524 639 ioleturne
553 590 820 660 majestas,
845 589 902 663 si
938 589 1274 660 magistratus
1313 597 1553 660 rogatio--

220 681 332 714 nem
350 662 508 736 suam
539 668 731 731 populo
771 670 878 737 ipse
907 669 1236 716 recitaverit?
1271 667 1402 715 Milo
1428 668 1544 723 Clo-

221 741 358 788 dium
391 752 583 790 rectene
614 743 870 799 occiderit,
950 739 1126 790 Veniat
1166 743 1224 789 in
1260 741 1513 802 judicium
1526 758 1547 790 :-

223 833 304 873 ειη,
350 815 659 879 Oporteatne
679 813 1020 888 insidiatorem
1043 814 1280 885 interfici,
1319 817 1407 865 vel
1422 833 1543 879 per-

218 886 456 961 niciosum
480 891 783 956 reipublicae
805 896 980 962 civem,
1009 888 1205 963 etiamsi
1228 909 1325 940 non
1344 887 1542 962 insidie-

217 968 341 1013 tur?
381 967 511 1015 Cato
535 970 792 1016 Marciam
811 965 1076 1036 honestene
1110 969 1380 1015 tradiderit
1398 969 1541 1016 Hor-

216 1037 400 1111 tensio.-
449 1059 560 1100 an,⁴
590 1044 932 1092 Conveniatne
966 1060 1045 1092 res
1077 1043 1194 1091 talis
1231 1040 1356 1091 bono
1389 1043 1540 1090 viro?

216 1118 298 1163 De
318 1115 550 1182 personis
571 1118 848 1179 judicatur,
887 1118 974 1166 sed
996 1119 1060 1166 de
1083 1119 1238 1167 rebus
1267 1115 1538 1165 contendi·

138 1215 191 1251 ιι,
214 1201 318 1245 tur.
396 1194 807 1243 Declamationes
846 1211 1000 1251 vero,
1047 1194 1224 1256 quales
1262 1193 1319 1240 in
1349 1190 1538 1241 scholis

213 1267 489 1315 rhetorum
512 1268 778 1327 dicuntur,
792 1269 835 1317 si
854 1269 1015 1318 modo
1035 1268 1155 1316 sunt
1181 1267 1245 1315 ad
1265 1268 1537 1315 veritatem

215 1343 658 1401 accommodatae,
713 1355 763 1392 et
802 1345 1126 1394 orationibus
1158 1341 1377 1400 similes,
1425 1328 1537 1390 non

213 1427 417 1466 tantum
454 1418 585 1469 dum
616 1419 860 1468 adolescit
889 1419 1183 1485 profectus,
1218 1416 1339 1466 sunt
1370 1415 1537 1466 utilis-

212 1569 287 1593 acc.
326 1557 472 1594 Rollin.
516 1571 594 1595 exc.
625 1559 722 1597 Jens.
751 1561 865 1596 Tarv.
899 1573 994 1608 quae
1036 1557 1228 1594 Gracchus.
1270 1558 1302 1591 E
1338 1557 1534 1594 Gebhardi

212 1614 477 1649 emendatione
494 1615 675 1650 nostrum.
719 1616 842 1651 Modo
874 1616 1097 1650 habundavit
1124 1612 1228 1649 Flor.
1346 1650 1349 1653 ,

301 1677 362 1712 15.
407 1667 682 1717 quaestionibus.
719 1671 849 1707 Turio.
881 1670 983 1706 Flor.
1019 1669 1101 1714 (hic
1123 1682 1142 1702 a
1162 1681 1218 1715 pr.
1243 1670 1314 1711 m.)
1348 1668 1535 1703 omittunt

210 1735 297 1758 cum
324 1723 424 1759 Alm.
467 1722 605 1771 constat
642 1725 772 1760 Turic.
1022 1724 1200 1759 Tribunus·
1230 1723 1359 1771 plebis.
1398 1723 1531 1759 Turic-

210 1793 238 1813 r.
259 1779 312 1826 pl.
519 1779 557 1828 si
578 1777 810 1827 magistratus
825 1783 1068 1829 rogationem.
1101 1779 1231 1814 Turio.
1262 1774 1482 1824 immajestas
1500 1791 1530 1814 r.

209 1846 228 1867 a
250 1835 317 1870 sec.
338 1847 389 1870 m.
422 1835 521 1883 quod
538 1849 567 1871 r.
599 1837 730 1884 Camp.
761 1835 798 1885 si
821 1852 848 1872 r.
879 1836 982 1872 flor.
1013 1839 1051 1880 (a
1068 1847 1126 1882 pr.
1152 1836 1223 1880 m.)
1246 1833 1283 1882 si
1300 1830 1532 1880 magistratus

209 1890 367 1927 omittit.
509 1893 724 1926 recitaverit.
755 1893 885 1928 Turic-
917 1892 1092 1926 recitavit.
1237 1890 1438 1933 judicium?
1467 1901 1529 1923 an.
1599 1922 1603 1929 .

208 1944 334 1980 Guelf.
366 1946 461 1983 Jens.
503 1949 588 1990 (tac.
611 1946 738 1991 Gesn.)
778 1949 963 1982 omittunt
992 1961 1039 1981 an
1069 1957 1156 1979 cum
1184 1943 1287 1982 Voff.
1310 1953 1347 1986 5.
1378 1942 1415 1978 ei:
1442 1941 1528 1977 edd.

205 1999 362 2046 postem
383 2012 467 2036 ante
490 2001 576 2036 Ald.
599 2014 672 2035 acc.
691 2002 822 2041 Badio,
843 2003 911 2050 qui
929 1999 1242 2049 proscribendum
1261 1997 1350 2033 falso
1369 1997 1526 2045 judicat.

205 2055 306 2090 Mox
322 2069 393 2103 pro
422 2070 466 2090 ne
496 2058 627 2091 Turio.
657 2057 759 2092 Flor.
790 2061 826 2100 (a
848 2071 906 2105 pr.
930 2070 979 2092 m.
1000 2055 1180 2103 uterque)
1209 2067 1281 2089 nec.

291 2123 365 2145 non
395 2110 593 2159 insidietur.
623 2113 754 2148 Turio.
787 2113 888 2148 Flor.
921 2112 1089 2146 inserunt
1115 2108 1195 2157 nisi.

283 2164 752 2215 honestene—Hortenfio.
772 2168 884 2211 flor.
923 2163 1395 2213 honesteque—hortem&
1431 2159 1526 2206 (hoc

166 2221 170 2224 ’
202 2233 223 2256 a
248 2233 306 2268 pr.
328 2223 409 2264 m.).
629 2236 685 2257 res
709 2224 805 2258 talis.
836 2223 939 2258 Flor.
970 2226 1006 2264 (a
1026 2234 1082 2269 pr.
1104 2221 1178 2267 m.)
1205 2233 1242 2254 re
1254 2218 1360 2267 salis.

295 2284 356 2318 14.
389 2277 567 2312 dicuntur.
600 2279 730 2314 Turio.
761 2279 861 2314 Flor.
895 2280 1067 2312 «licentur.
1367 2270 1519 2320 similes.

198 2328 330 2366 Turio.
361 2331 463 2367 Flor.
491 2332 574 2378 (hic
593 2347 613 2367 a
632 2346 687 2381 pr.
709 2335 779 2378 m.)
801 2333 994 2382 similibus.
1240 2326 1417 2376 adolescit
1434 2338 1519 2373 pro-

190 2382 327 2430 fectus.
358 2387 490 2422 Turio.
532 2387 636 2423 Flor.
673 2388 758 2433 (hic
789 2402 808 2423 a
835 2403 894 2438 pr.
928 2401 980 2424 m.
1011 2387 1072 2422 sed
1101 2386 1195 2430 arlo)
1235 2381 1439 2431 adulescent
1468 2382 1522 2415 in-

253 2503 313 2537 15.
371 2498 559 2533 Cornelius
591 2517 645 2525 —
672 2499 829 2534 codicem
943 2499 1034 2533 Cato
1054 2497 1254 2532 Marciam.
1279 2493 1326 2528 cf·
1347 2500 1383 2534 32
1399 2497 1434 2534 5,
1453 2503 1516 2526 ¹¹·

190 2547 331 2596 legerit.
362 2551 408 2586 cf.
430 2558 465 2595 4,
504 2560 601 2597 4,’3.
633 2554 827 2590 Cornelia·
885 2551 1214 2600 Capperonnerius
1253 2546 1391 2584 Catoni
1439 2545 1516 2580 hoo

187 2615 321 2638 narum
390 2606 643 2653 fragmentum
702 2609 826 2644 adhuc
883 2608 1151 2655 exprobrantes
1177 2604 1405 2640 demonstrat
1421 2601 1514 2636 Ter-

187 2657 405 2705 neglectum
429 2660 572 2707 legitur
592 2665 823 2712 apuquui-
880 2663 1082 2698 tullianum
1113 2659 1344 2708 Apologetic.
1376 2665 1439 2703 59.
1475 2665 1514 2690 et

186 2712 260 2746 lam
273 2714 487 2749 Romanum
507 2730 545 2764 p.
559 2718 713 2755 Ruhnk.
732 2719 819 2762 156.
878 2716 1135 2765 Augustinum
1165 2716 1210 2751 de
1235 2715 1329 2750 bono
1353 2711 1513 2760 coniugii
