1676 3028
246 188 340 234 330
387 206 396 218 .
556 178 628 223 Μ.
663 179 795 224 FAB.
829 179 1232 239 QUINTILIANI

241 316 308 349 ne
331 296 481 366 flexa
508 311 558 350 et
576 298 792 368 flebilis,
837 311 887 348 et
915 299 1149 350 contulto
1182 300 1327 368 quasi
1358 301 1540 353 obscu-

241 377 374 424 rior:
410 385 460 422 at
483 377 540 424 in
567 376 928 440 egreffionibus
940 372 1105 446 fusa,
1140 388 1192 425 et
1216 377 1417 433 securae
1439 380 1539 427 cla-

240 451 427 508 ritatis,
469 455 526 499 in
550 451 867 516 expositione
891 468 945 498 ac
966 449 1285 501 sermonibus
1306 463 1456 512 recta,
1487 464 1539 503 et

127 583 130 585 μ
166 531 216 576 65
237 525 376 572 inter
408 536 619 575 acutum
652 525 837 575 sonum
870 536 920 573 et
947 543 1155 590 gravem
1181 526 1363 575 media.
1436 529 1539 578 Ae-

237 599 431 647 tollitur
463 611 635 650 autem
666 598 1252 659 concitatis-affectibus,
1290 602 1540 666 (50111Ρο11-

236 676 301 722 tis
334 670 608 744 descendit,
653 693 750 740 pro
780 678 1055 740 utriusque
1085 677 1162 724 rei
1195 676 1356 725 modo
1388 677 1541 726 altius

236 750 322 796 vel
343 748 576 798 inferius.
629 751 771 819 Quid.
793 762 968 800 autem
991 752 1216 816 quisque
1235 753 1293 799 in
1318 750 1541 800 dicendo

235 822 462 888 postulet
478 825 641 883 locus,
683 827 900 892 paulum
925 823 1190 883 differam,
1227 837 1288 875 ut
1311 825 1379 874 de
1395 824 1541 890 gestu

233 900 380 964 prius
402 898 596 948 dicam:
626 902 721 965 qui
743 911 793 948 et
812 899 918 965 ipse
938 903 1058 950 voci
1077 899 1341 958 consentit,
1362 911 1412 948 et
1433 901 1542 947 ani-

234 989 323 1022 mo
350 991 469 1022 cum
497 991 552 1021 ea
582 974 739 1025 simul
772 987 927 1040 paret.
989 979 1036 1024 Is
1070 987 1324 1040 quantum
1355 976 1541 1024 habeat

230 1048 288 1097 in
327 1060 528 1098 oratore
563 1053 842 1110 momenti,
893 1050 1009 1100 satis
1045 1052 1132 1099 vel
1176 1067 1239 1099 ex
1277 1066 1340 1100 eo
1385 1059 1538 1117 patet,

387 1191 537 1238 flebilis.
565 1192 695 1228 Turio.
716 1193 817 1230 Flor.
846 1193 976 1230 Ambr.
997 1202 1032 1229 2.
1064 1191 1190 1228 Guelf.
1213 1191 1341 1240 Camp.
1359 1190 1539 1237 flexibilis

233 1258 320 1283 eum
342 1245 441 1281 Alm.
471 1247 573 1283 Voff.
595 1257 632 1291 5.
653 1259 690 1284 et
711 1249 793 1283 edd.
816 1260 900 1284 ante
925 1247 1010 1284 Ald.
1026 1247 1291 1282 -Auctoritates
1319 1254 1541 1294 praegravat

230 1303 330 1336 ratio
349 1301 421 1349 ipsa
445 1312 483 1336 ct
502 1301 609 1337 locus
628 1303 804 1350 geminus
830 1314 918 1347 170.
974 1297 1124 1338 Deinde
1144 1301 1236 1335 stant
1256 1313 1274 1334 a
1297 1300 1410 1336 nobis
1422 1298 1538 1335 Goth.

230 1356 331 1395 Vall.
364 1366 402 1391 et
429 1356 578 1392 fortaffe
610 1358 760 1405 aliquot
787 1369 933 1406 praeter
962 1358 1046 1393 hos.
1094 1358 1191 1392 Mox
1221 1353 1358 1402 obscuri
1375 1355 1542 1391 oration·

228 1411 463 1460 graffionibus
487 1410 567 1460 tusa
585 1414 715 1447 Turic-
733 1413 833 1448 Flor.
857 1413 925 1448 ubi
944 1413 1099 1460 vulgata
1119 1422 1218 1447 trans
1236 1411 1329 1458 ipsas
1350 1409 1538 1445 turbantis

228 1466 379 1502 librarii
403 1466 528 1502 sordes
555 1467 732 1515 pellucet.
760 1469 890 1503 Ambr.
914 1478 948 1502 2.
984 1480 1016 1501 0.
1038 1482 1072 1502 a.
1098 1464 1368 1514 ingreffionibus
1387 1463 1418 1510 f.
1449 1475 1537 1499 cum

228 1523 324 1560 Jens.
357 1523 469 1556 Tarv.
496 1521 605 1556 Bafil.
637 1535 669 1556 o.
691 1536 724 1557 a.
747 1524 770 1556 ἱ.
795 1520 1029 1570 graffionibus
1042 1520 1078 1567 f·
1103 1520 1228 1556 Guelf.
1255 1532 1291 1554 ο.
1311 1522 1340 1555 Ι.
1362 1517 1486 1567 egreffi
1498 1516 1537 1564 f.

227 1577 356 1624 Camp.
370 1575 459 1624 fusa
478 1577 663 1611 omittunt
682 1577 781 1614 Voff.
809 1592 842 1612 1.
865 1586 900 1619 3.

316 1653 378 1696 65.
406 1654 470 1688 rei.
498 1652 629 1688 Ambr.
651 1664 687 1690 2.
724 1653 848 1688 Guelf,
880 1655 1063 1689 omittunt
1091 1665 1179 1687 eum
1212 1651 1328 1687 Goth.
1355 1649 1536 1698 infelicius

227 1709 358 1745 Turio.
381 1707 481 1742 Flor.
502 1721 574 1755 pro
598 1707 755 1755 inferius.
790 1710 886 1744 Mox
898 1706 1140 1744 Turio-Flor.
1163 1705 1268 1754 coss.
1286 1720 1356 1753 par
1367 1707 1464 1743 recti.
1485 1705 1534 1741 Is.

226 1765 349 1800 Modo
372 1759 511 1809 digestu
528 1775 600 1811 pro
622 1764 667 1797 tle
686 1776 723 1809 g.
755 1763 885 1799 Ambr.
908 1774 944 1799 2.
974 1762 1043 1812 ipsi
1062 1772 1187 1798 autem
1207 1760 1334 1798 Guelf-

337 1826 492 1854 oratore.
525 1817 615 1858 Vid.
639 1827 718 1853 not.
746 1830 851 1868 exeg.

282 1941 344 1984 65.
368 1942 403 1975 in
420 1949 573 1977 oratore.
596 1942 730 1975 Fateor
751 1951 854 1975 com-

222 1997 377 2032 moveri
397 2010 457 2031 me
481 1996 605 2037 altera,
629 2008 722 2043 quae
744 1995 792 2029 est
811 1996 853 2030 in

223 2053 408 2100 Campani
435 2052 625 2092 editione,
662 2049 737 2085 sola
767 2051 853 2097 qui-

224 2108 323 2147 dem,
346 2117 528 2156 quantum
548 2107 635 2145 fcio,
650 2106 849 2152 scriptura.

222 2165 261 2198 ἱη.
275 2165 453 2198 oracione.
483 2163 663 2197 Confusio
676 2161 851 2209 frequen-

222 2218 378 2259 tiffima3
408 2230 531 2265 neque
555 2227 678 2253 tamen
696 2216 851 2252 necess‘a-

220 2274 279 2307 ria
315 2273 489 2308 mutatio.
569 2272 682 2320 Quod
727 2283 852 2308 autem

221 2330 417 2364 concitatos
445 2327 510 2362 hic
534 2328 686 2375 affectus
708 2329 851 2376 Cappe-

221 2383 424 2418 ronnerius
448 2383 718 2431 interpretatur
738 2381 849 2428 πάθη,

156 2447 159 2452 ’
222 2437 443 2486 compositos
463 2435 544 2482 ἤθη,
559 2438 624 2483 (cf.
646 2451 707 2479 10,
733 2451 765 2478 1,
784 2444 846 2482 48.

220 2490 313 2526 item
325 2505 363 2539 9,
378 2502 414 2533 2,
429 2495 484 2536 3.)
503 2503 604 2529 recte
627 2506 713 2528 eum
729 2493 849 2528 facore

222 2548 374 2585 cense0;
422 2561 637 2596 qua-nquam
675 2557 853 2595 poterant

219 2602 348 2636 videri
382 2603 585 2651 partieipia
624 2603 754 2651 potius
787 2603 850 2636 ista

221 2654 407 2693 vocabula
426 2670 520 2693 conc.
542 2668 579 2694 et
597 2671 725 2706 comp„
737 2670 853 2706 quam

910 1940 1074 1989 apposita
1098 1949 1134 1975 et
1145 1937 1232 1973 artis
1252 1936 1420 1985 propria,
1435 1934 1536 1970 unde

908 1995 1023 2044 paulo
1061 1995 1204 2030 diveisa
1231 1992 1441 2027 nasceretur
1457 1990 1537 2026 sen·

910 2051 1037 2088 tentia,
1055 2061 1110 2089 ut,
1129 2049 1326 2098 postquam
1347 2043 1538 2093 compositi

909 2106 1023 2140 effent
1050 2105 1111 2140 illi
1142 2113 1224 2139 ante
1252 2103 1421 2138 concitati
1446 2100 1535 2136 affe·

908 2170 1003 2201 etus.
1031 2172 1112 2196 vox
1141 2158 1394 2197 descenderet,
1421 2154 1534 2191 attol-

908 2214 1051 2250 leretur
1064 2226 1199 2255 autem,
1218 2226 1303 2248 cum
1315 2213 1534 2247 concitaren-

909 2280 976 2307 tur.
1017 2271 1089 2306 Sed
1108 2271 1240 2318 magis,
1267 2279 1310 2304 ut
1329 2267 1423 2308 dixi,
1445 2278 1534 2302 con-

907 2327 1013 2375 gruit
1051 2326 1211 2361 diversas
1245 2324 1311 2359 hic
1335 2323 1549 2370 agnoscere

906 2382 1108 2417 affectuum
1135 2381 1292 2429 species,
1330 2389 1378 2412 ex
1404 2377 1532 2412 rheto-

905 2449 993 2472 rum
1028 2436 1233 2484 praeceptis
1271 2436 1438 2472 notatam
1487 2431 1531 2465 in

906 2491 1124 2537 cujusmodi
1143 2491 1255 2526 rebus
1278 2486 1530 2530 demonstran-

907 2547 965 2582 dis
994 2546 1088 2581 solet
1103 2542 1304 2582 laudabilis
1327 2541 1396 2577 effe
1415 2540 1532 2588 hujus

905 2601 986 2638 viri
1003 2600 1178 2636 sollertia.
