1676 3028
339 190 504 236 1NST.
542 188 821 235 ORATOR.
860 188 981 233 LIB.
1019 188 1093 244 X,
1138 199 1182 242 3.
1341 201 1435 243 153

70 312 230 366 'Num
254 317 312 364 in
336 315 455 367 stilo
480 317 701 383 quidem
724 315 1016 383 quamlibet
1041 323 1325 382 properato
1350 314 1438 363 dat
1462 330 1512 368 19

83 393 322 458 -aliquam
359 396 670 461 'cogitationi
713 409 919 444 moram
967 411 1080 443 non
1115 391 1439 458 consequens

92 471 409 521 celeritatem
449 477 560 535 ejus
594 488 812 522 manus:
862 471 981 530 ille,
1034 471 1122 520 cui
1157 469 1440 529 dictamus,

91 559 276 613 urget,
316 560 472 615 atque
511 551 727 600 interim
766 547 936 616 pudet
984 549 1141 597 etiam
1177 547 1439 606 dubitare,

90 636 182 674 aut
211 624 470 686 resistere,
549 639 639 678 aut
673 637 907 685 mutare,
977 623 1126 692 quasi
1167 623 1440 674 conscium

90 700 415 754 infirmitatis
447 704 652 755 nostrae
684 707 942 753 timentes.
1050 707 1172 772 Quo
1203 700 1299 760 fit,
1375 713 1440 750 ut

1 791 206 830 935non
227 779 382 846 rudia
416 793 639 841 tantum,
679 793 730 830 et
748 781 986 839 fortuita,
1024 779 1114 829 sed
1144 780 1440 846 impropria

88 857 330 916 interim,
370 858 503 908 dum
539 858 644 909 sola
682 858 756 908 est
792 857 1143 909 connectendi
1182 855 1440 906 sermonis
1483 857 1524 898 ἰ

89 932 376 998 cupiditas,
446 935 689 985 effluant:
772 952 907 1000 quae
954 952 1054 983 nec
1092 933 1440 984 scribentium

89 1025 395 1069 curam,nec
416 1012 714 1063 dicentium
736 1014 1004 1080 impetum
1031 1008 1436 1076 consequantur.

1461 716 1515 743 20

176 1212 239 1249 ¹9-
272 1200 375 1236 Nam
391 1202 441 1237 in.
473 1200 607 1238 Turio.
629 1201 734 1239 Flor.
766 1192 917 1252 camp..
935 1201 1126 1238 omittunt
1156 1202 1194 1236 in
1222 1214 1312 1237 cum
1331 1201 1438 1238 Voss‘.

53 1258 61 1283 ἰ
95 1268 132 1293 1.
166 1264 204 1300 3.
233 1257 334 1292 Alm.
591 1259 795 1308 quamlibet
820 1268 1036 1308 properato.
1086 1257 1213 1294 Guelf.
1253 1259 1444 1309 quaelibet

91 1319 130 1347 ot
146 1314 353 1358 p.‘1nserit
373 1322 410 1348 et
431 1314 537 1352 Voss'.
565 1328 598 1350 1.
634 1329 805 1364 quoque,
838 1329 928 1351 cum
963 1314 1061 1354 Jens.
1094 1315 1211 1349 Tarv.
1236 1314 1444 1363 Expunxit

90 1368 251 1416 Regius.
282 1369 400 1406 Goth.
428 1379 663 1419 perpetrato,
703 1372 817 1409 solus.
925 1372 928 1380 ⁴
1051 1372 1139 1416 ejus.
1173 1371 1304 1406 Turio.
1338 1373 1368 1406 F
1372 1371 1444 1408 lor.

91 1424 290 1462 omittunt.
524 1428 599 1462 ille.
631 1426 763 1478 Camp.
792 1428 951 1464 omittit.
1186 1436 1253 1463 aut
1271 1425 1445 1476 reststere,

90 1489 157 1516 auc
178 1491 329 1519 mutare.
361 1483 494 1521 Turio.
516 1484 621 1521 Flor.
647 1486 731 1532 (hic
750 1499 770 1522 a
792 1499 853 1535 pr.
871 1487 942 1529 m.)
966 1485 1157 1522 omittunt
1187 1497 1277 1519 cum
1297 1483 1401 1520 Alm.

87 1650 227 1699 „gestis
263 1653 419 1690 Ludov.
465 1667 497 1690 c.
531 1665 568 1698 7.
618 1655 735 1692 libros

85 1705 263 1756 ‚sacros-i'
291 1712 348 1746 Ita
369 1711 570 1753 nimirum,
596 1724 639 1749 ut
657 1714 734 1762 ipse

85 1763 241 1804 „oculis
263 1777 451 1809 uteretur,
472 1779 509 1804 et
528 1770 623 1817 quid
649 1783 735 1806 cor-

85 1820 195 1868 „rigi
217 1821 386 1865 deberet,
411 1824 634 1871 ostenderet.
673 1829 735 1862 Ex

86 1877 275 1924 „Synodo
305 1879 353 1914 ad
380 1882 417 1916 S.
440 1881 612 1917 Macram
641 1896 734 1931 pro-

86 1932 257 1976 „t'e1·tur,
317 1932 494 1973 carolum
518 1930 522 1933 ⁴
544 1937 737 1989 annotaffe

87 1991 297 2037 „quaedam
322 1994 362 2027 in
390 1993 538 2035 tabulis,
569 2009 659 2045 quas
685 1996 736 2031 ad

87 2048 291 2093 „capitium
330 2049 416 2085 lecti
445 2049 511 2098 sui
541 2064 620 2086 cum
650 2067 736 2100 gra-

90 2101 207 2148 „phio
237 2103 408 2146 haberet,
440 2114 476 2141 σι
509 2121 588 2141 cum
619 2108 736 2157 consi-

89 2156 237 2196 „liariis
269 2161 354 2195 inde
384 2160 573 2212 tractaffe,
616 2164 735 2212 idque

89 2213 271 2260 „quidam
301 2215 349 2251 ab
381 2218 456 2253 illis
477 2217 619 2268 audtffe
640 2219 737 2257 dici-

89 2279 193 2310 „tun
217 2274 280 2319 qui
300 2272 554 2321 interfuerunt.
582 2274 737 2326 Nempe

71 2364 73 2372 y
87 2326 372 2366 „animadverti
394 2331 482 2367 sunt
502 2330 712 2380 pugillares
726 2348 735 2368 :

88 2382 216 2431 „quid
249 2385 341 2421 fibi·
362 2386 533 2428 vellent,
594 2387 736 2437 aliquis

88 2451 188 2487 „pro
208 2441 270 2477 sua
301 2442 348 2478 de
375 2442 517 2480 carolo
549 2444 737 2492 opinione

89 2495 391 2546 „interpretatus
423 2500 483 2536 est.
560 2499 738 2539 Ostendit

88 2551 352 2591 „doctiffimus
374 2556 614 2593 Fontaninus
639 2559 737 2596 Vin-

87 2608 189 2646 ..dic.
219 2610 382 2660 diplom.
417 2624 463 2655 2,
497 2622 535 2656 3.
578 2626 617 2662 p.
645 2626 735 2659 170.

88 2664 248 2704 ..Caroli
325 2669 544 2718 tempestate
612 2670 736 2719 vulgo

88 2721 309 2772 „principes
330 2726 440 2763 viros
471 2737 510 2763 et
538 2727 738 2777 episcopos

789 1668 977 1705 „quoqne
1004 1657 1087 1703 ejus
1115 1655 1208 1692 artis
1235 1654 1444 1704 imperitos

790 1712 944 1754 „fuiss‘e-
997 1714 1030 1749 A
1053 1713 1197 1762 quibus
1220 1725 1261 1747 ea
1283 1725 1343 1747 res
1365 1711 1443 1746 ini-

791 1769 887 1809 „tiis
918 1769 1092 1818 profecta
1128 1770 1191 1808 fit,
1252 1768 1337 1805 satis
1374 1767 1444 1804 liic

791 1824 898 1874 „ipse
927 1825 1039 1861 Fabii
1069 1825 1180 1862 loeus
1217 1824 1354 1867 docet,
1405 1835 1445 1861 et

792 1880 944 1921 „Plinii
963 1882 1168 1931 utriusque
1190 1881 1442 1918 consuetudo.

792 1938 964 1978 „junior
1009 1939 1111 1974 enim
1159 1938 1206 1974 de
1244 1936 1443 1973 avunculo

792 1994 886 2034 „suo
916 2006 1045 2031 narrat
1067 2004 1114 2039 3,
1150 2002 1194 2038 5,
1231 2001 1294 2038 15.
1335 1993 1381 2028 de
1408 1994 1446 2028 se

791 2061 867 2097 ‚‚9,
899 2051 974 2094 36,
1002 2061 1039 2087 2.
1074 2063 1116 2099 9,
1150 2058 1226 2097 40,
1258 2061 1296 2086 2.
1343 2054 1446 2086 etc.'‘

795 2106 997 2145 Gesnerus.

857 2229 921 2267 ²9·
950 2216 1122 2269 resistere.
1165 2218 1214 2255 cf.
1244 2228 1326 2254 not.
1357 2218 1446 2254 crit.

795 2274 843 2310 ad
865 2278 899 2322 ὖ.
928 2289 990 2313 10.
1054 2279 1154 2312 Item
1187 2288 1259 2317 10,
1295 2284 1343 2320 7,
1380 2280 1444 2322 14.

800 2344 865 2374 11,
897 2341 934 2372 2,
972 2333 1038 2377 46.
1068 2345 1131 2375 11,
1163 2341 1202 2377 5,
1237 2341 1328 2369 121.

855 2455 919 2484 20.
940 2447 1157 2495 impropria.
1169 2445 1359 2482 Gesnerus
1379 2443 1447 2480 hio

796 2513 900 2538 recte
923 2503 1090 2538 remittit
1110 2502 1158 2538 ad
1179 2508 1217 2548 8,
1251 2511 1289 2544 2,
1323 2502 1360 2538 6.

853 2613 1131 2666 consequantur.
1155 2615 1202 2654 cf.
1221 2629 1283 2657 10,
1300 2628 1334 2658 ι,
1355 2626 1446 2653 102.

801 2684 863 2711 10,
897 2681 936 2714 2,
968 2679 1034 2716 25.
1075 2671 1138 2708 Est
1162 2686 1323 2722 „parem
1347 2673 1448 2710 obti-

794 2741 914 2769 ,‚nere
939 2728 1212 2778 dignitatem.“
