1676 3028
259 229 323 277 92

568 216 642 270 Μ.
685 218 817 265 ΕΑΒ.
864 219 1272 280 QUiNTiLtANt

257 339 424 389 Habet
453 350 736 399 amatores,
772 358 868 390 nec
907 342 1191 393 imitatores
1202 361 1229 403 ;1
1256 355 1316 393 ut
1345 344 1666 402 libertas‚915

257 433 561 481 quanquam

341 546 472 584 Habet.

529 548 660 583 Turic.
698 548 841 583 habent.

257 603 425 637 inmerito
454 605 599 637 remitti.
628 602 729 639 Flor.
760 607 796 646 (a
818 615 874 651 pr.
897 605 968 648 m.)
1007 606 1173 638 inmerito
1202 606 1340 639 remuti.

900 659 960 692 Ex
990 659 1094 696 Voff.
1136 671 1167 693 ι.

255 656 411 691 affertur
456 658 631 692 im'merico
679 660 825 693 remitti.

253 712 315 745 Ex
340 712 444 748 Voss‘.
477 721 514 754 3.
571 714 807 749 immeritor&
833 721 883 748 ut.

642 416 951 466 circumcisis
1017 435 1149 482 quae
1219 417 1444 477 dixiffet,

1529 420 1579 468 ei

1446 550 1579 584 Turic-

1395 606 1456 638 Ex
1474 603 1576 640 Alm-

1228 660 1482 694 immeritor-em
1524 667 1576 694 ut.

1461 723 1497 749 et
1530 714 1578 747 fic

1067 550 1268 584 imitatores
1277 562 1287 590 ;
1337 558 1386 585 ut.

942 713 1069 748 Guelf.
1107 715 1307 749 imitatores
1336 716 1410 754 uti,

254 766 358 802 Flor.
382 765 420 814 (a
454 767 519 803 sec.
539 768 610 811 m.)
639 768 770 815 Camp.
792 786 845 794 —
877 779 914 803 et
938 770 991 802 uti
1010 768 1127 804 Goth.
1149 781 1303 816 quoque
1337 770 1423 812 (tac.
1451 768 1578 810 Gesn.)

255 833 343 856 cum
374 821 476 859 Vols.
498 830 534 856 2.
563 841 617 849 —-
646 823 827 857 immnerito
858 832 898 858 ut
941 822 1051 858 Bodl.
1079 823 1165 859 Ald.
1197 823 1289 858 item
1318 836 1437 870 marg.
1468 820 1576 858 Bafil.

256 875 376 920 (unde
404 888 472 923 per
490 889 661 912 errorem
682 878 798 913 refert
819 879 949 914 Burm.
991 880 1038 913 H.
1058 880 1260 914 imitatores
1287 893 1349 912 nec
1381 879 1579 918 immerito)

255 941 292 966 et
313 930 461 979 Gryph.
482 944 571 967 cum
594 932 744 980 aliquot
766 933 867 980 apud
885 934 1018 969 Burin.

253 1041 435 1077 affensum
466 1042 645 1083 cohibet,
677 1042 782 1091 quod
806 1055 892 1079 am-

251 1096 377 1145 pliora
408 1097 488 1142 fere
515 1099 610 1138 sunt,
642 1111 736 1146 quae
768 1097 834 1133 hic
849 1097 891 1133 iu

251 1151 454 1187 hominem
508 1163 771 1201 congeruntur
826 1166 890 1188 en·

253 1207 392 1248 comia,
425 1220 540 1255 quam
563 1221 659 1255 quae
689 1209 822 1243 cadant
847 1208 890 1243 in

251 1261 420 1309 aliquem
454 1263 690 1298 conditionis
725 1273 761 1298 et
785 1262 890 1297 ordi-

251 1318 312 1353 nis
341 1318 441 1363 ejus,
473 1318 583 1363 cujus
619 1317 693 1352 fuit
721 1317 888 1354 Tacitus.

250 1372 368 1407 Dicas
396 1373 585 1421 principis
616 1372 776 1408 domum
799 1385 889 1407 con-

248 1428 397 1475 tingere
415 1441 502 1463 eum
522 1427 588 1462 vel
604 1440 740 1474 magna
758 1440 887 1462 rerum

247 1483 435 1531 gestarum
454 1482 578 1531 gloria
597 1482 747 1522 florere,
773 1495 887 1528 quem

247 1539 296 1573 fic
345 1537 474 1573 laudat
520 1538 656 1572 noster.
722 1535 887 1584 Alioqui

248 1603 420 1641 tempora
436 1591 536 1628 belle
551 1602 783 1639 congruunt,
797 1604 884 1626 cum

246 1660 295 1684 ex
335 1647 622 1685 Dodwellianis
669 1647 884 1682 rationibus

246 1703 437 1739 scribendi
475 1703 594 1749 hujus
630 1701 724 1738 libri
763 1701 885 1748 Quin-

245 1757 396 1793 tilianei
465 1771 583 1794 annus
641 1757 788 1792 incidat
843 1757 886 1791 in

245 1825 423 1860 quartum
447 1825 484 1849 et
516 1815 751 1861 trigesimum
783 1813 886 1847 vitae

245 1869 383 1905 Taciti.
445 1871 484 1905 Si
506 1869 592 1917 quis
615 1868 755 1904 lentam
776 1866 885 1902 illam

245 1936 283 1960 et
302 1925 380 1960 fere
401 1926 574 1960 timidam
593 1922 746 1958 dicendi
766 1923 884 1958 ratio-

242 1993 355 2019 nem,
394 1993 507 2029 quam
546 1979 714 2014 maximo
748 1978 886 2025 probat

242 2032 399 2077 Fabius,
433 2034 671 2071 abhorruiss‘e
695 2032 841 2078 judicet
865 2046 884 2067 a

242 2091 488 2143 vehementia
508 2101 546 2125 et
561 2090 733 2125 novitate
745 2087 883 2128 Taciti,

244 2161 333 2183 eum
348 2145 544 2182 recordari
559 2143 692 2184 velim,
703 2143 888 2190 infignem

245 2203 289 2238 in
318 2202 449 2250 aliquo
485 2213 649 2250 genere,
710 2198 886 2246 quamvis

207 2292 211 2301 ,
235 2258 491 2307 ·irnprobato‚
532 2254 794 2304 praestantiam
818 2253 887 2289 vix

235 2313 444 2362 repudiari
464 2311 509 2347 ab
537 2308 885 2356 intelligentissimo

243 2367 480 2417 pulchrique
511 2378 547 2402 et
574 2364 723 2401 honesti
744 2363 885 2400 studio-

244 2423 380 2459 fiffimo
408 2423 556 2468 judice,
589 2419 740 2468 qualem
769 2432 885 2455 nemo

243 2489 359 2527 neget
411 2479 593 2512 nostrum.
676 2477 884 2515 Praeterea,

245 2545 465 2583 quanquam
498 2532 556 2567 rei
589 2529 783 2566 manifesta
805 2542 885 2565 non

245 2589 398 2637 reperio
458 2587 699 2625 testimonia,
783 2583 886 2621 nihil

245 2643 362 2680 habet
395 2642 566 2678 alienum
595 2655 614 2676 a
644 2640 730 2677 veri
755 2640 885 2676 simili-

246 2699 403 2742 tudine,
471 2696 672 2747 disciplina
729 2707 886 2746 quoque

1246 935 1292 968 ei.
1323 933 1454 968 Turio.
1476 931 1579 967 Flor.

950 1044 1209 1090 Quintilianea
1226 1043 1333 1079 fuiss'e
1355 1043 1462 1078 usum
1472 1042 1578 1078 Taci-

949 1108 1052 1140 tum,
1102 1100 1165 1134 cui
1196 1111 1282 1134 cum
1309 1098 1438 1132 Plinio
1469 1096 1580 1132 Fabii

947 1153 1133 1203 discipulo
1183 1152 1480 1190 familiaritatem
1522 1151 1582 1186 in-

947 1209 1142 1244 terceffiss'e
1189 1209 1383 1244 novimus.
1441 1205 1581 1242 Saltem

947 1264 1196 1300 conciliatum
1217 1263 1387 1310 magistri
1408 1262 1581 1296 animum

947 1328 985 1353 et
1004 1322 1190 1366 generosis
1220 1317 1451 1366 quibusdam
1470 1316 1581 1352 vitiis

944 1374 1074 1409 minus
1117 1375 1307 1410 infensum
1346 1372 1445 1407 mihi
1473 1370 1579 1419 fingo

943 1429 987 1463 in
1016 1442 1087 1469 eo,
1118 1443 1233 1478 quem
1260 1423 1409 1464 fortaffe
1432 1426 1580 1462 Plinius

945 1485 1232 1519 commendarit.
1292 1485 1389 1519 Cum
1409 1482 1580 1530 primum

943 1548 1071 1574 autem
1101 1540 1250 1574 victum
1282 1539 1370 1574 effen
1391 1536 1493 1572 illud
1514 1549 1579 1583 pe-

939 1593 1123 1630 riculosae
1154 1593 1394 1642 eloquentiae
1430 1591 1580 1635 odium,

941 1661 1022 1684 non
1046 1659 1198 1697 poterat
1231 1662 1311 1685 non
1330 1649 1580 1685 vehementer

942 1703 1124 1752 amplecti
1161 1715 1199 1740 et
1243 1704 1423 1739 admirari
1454 1703 1580 1739 noster

942 1759 1136 1807 impress'as
1160 1760 1320 1808 ingenio
1345 1758 1578 1795 Corneliano

943 1813 1136 1850 altiffimae
1165 1815 1366 1864 sapientiae
1391 1825 1428 1850 et
1448 1815 1580 1861 magni

942 1870 1063 1904 animi
1105 1881 1225 1908 notas.
1285 1870 1348 1905 Sic
1397 1869 1579 1918 equidem

943 1937 1022 1972 quo
1065 1926 1187 1973 magis
1233 1927 1336 1962 hunc
1382 1925 1578 1974 scriptoris

941 1979 1020 2014 mei
1056 1979 1187 2027 locum
1227 1982 1356 2016 animo
1399 1979 1577 2020 revolvo,

942 2044 1047 2070 tanto
1067 2034 1216 2071 facilius
1237 2036 1277 2071 in
1301 2048 1381 2070 eam
1406 2035 1577 2071 concedo

940 2090 1161 2124 sententiam
1172 2116 1183 2131 ,
1230 2102 1274 2126 ut
1302 2091 1478 2126 Tacitum
1511 2090 1579 2126 hio

943 2146 1044 2192 quasi
1078 2145 1235 2192 posteris
1275 2145 1502 2195 promiffum
1537 2156 1576 2182 et

942 2200 1214 2236 annunciatum
1261 2211 1405 2249 putem·
1473 2200 1578 2235 Mul-

943 2264 1025 2289 tum
1058 2266 1182 2291 tamen
1215 2256 1332 2296 abest,
1387 2265 1431 2291 ut
1459 2257 1578 2292 verba

940 2309 1019 2358 ipsa
1054 2311 1284 2357 Quintiliani
1312 2321 1414 2346 recte
1447 2310 1576 2359 plane-

941 2377 1016 2413 que
1044 2366 1287 2414 interpretari
1314 2365 1416 2401 mihi
1431 2366 1576 2406 videar,

941 2420 1012 2467 qui
1057 2435 1104 2456 ne
1162 2421 1244 2455 sana
1306 2421 1462 2469 quidem
1511 2431 1578 2456 aut

941 2477 1136 2511 emendata
1166 2476 1232 2511 hic
1251 2477 1378 2511 omnia
1398 2477 1575 2511 censeam.

998 2531 1118 2566 Habet
1137 2540 1318 2567 amatores
1331 2550 1387 2559 —-
1402 2534 1575 2566 nocuerit.

942 2586 1092 2621 Mirum
1131 2586 1236 2622 dictu
1274 2587 1342 2625 est,
1370 2599 1484 2634 quam
1515 2587 1575 2622 iu-

942 2641 1049 2677 solita
1109 2643 1172 2677 etsi
1224 2642 1368 2678 diversa
1427 2641 1575 2676 rationo

940 2697 1059 2733 verba
1093 2706 1133 2733 ue:
1156 2715 1211 2725 -
1238 2699 1400 2733 nocuerit
1428 2696 1471 2731 in
1499 2695 1576 2732 hoc
