1676 3028
219 262 223 267 ·
265 232 359 286 156
580 233 654 290 Μ.
684 233 816 279 FAB.
853 233 1263 294 QUINTILIANI

261 356 486 430 liberum
518 358 721 407 arbitris
754 359 957 415 locum,
1018 367 1069 404 et
1103 373 1260 422 quam
1292 353 1581 404 altiffimut'n

261 432 528 482 silentium
597 432 939 482 scribentibus
1011 434 1232 480 maxime
1300 432 1582 482 convenire

262 525 420 557 nemo
483 509 813 556 dubitaverit.
928 509 1055 556 Non
1114 517 1287 555 tamen
1339 507 1581 571 protinus

265 583 531 640 audiendi,
542 585 633 646 qui
655 583 889 640 credunt,
908 582 1147 647 aptiffima
1170 583 1227 629 in
1246 582 1348 630 hoc
1367 596 1582 628 nemora

262 657 525 722 silvasque
538 677 551 717 ;
597 659 741 721 quod
771 659 862 705 illa
896 660 1029 707 coeli
1063 658 1304 714 libertas,
1340 657 1582 703 locorum

265 735 568 790 amoenitas,
607 733 1174 789 sublimem-animum,
1214 742 1265 780 et
1297 731 1583 779 beatiorem

189 830 241 865 25
263 807 506 873 spiritum
539 820 735 873 parent.
849 809 992 857 Mihi
1037 802 1171 856 certe
1197 806 1463 868 jucundus
1495 804 1583 868 hie

263 886 440 948 magis,
479 901 638 948 quam
662 883 955 932 studiorum
980 885 1228 940 hortator,
1257 882 1470 931 videtur
1487 876 1584 927 effe

261 957 485 1007 seceffus.
562 961 953 1024 Namque‘illa‚
1010 976 1140 1022 quae
1170 956 1278 1023 ipsa
1310 957 1583 1012 delectant,

349 1099 441 1134 coeli
459 1099 621 1133 libertas.
652 1098 754 1134 Flor.
782 1098 821 1146 (a
841 1113 900 1148 pr.
926 1101 998 1143 m.)
1037 1101 1146 1134 cicilii
1166 1099 1340 1134 liberatis.

346 1155 518 1189 locorum.
551 1154 762 1203 Sic‘Turie.
781 1155 885 1191 Flor.
918 1155 1076 1203 Reliqui
1099 1155 1337 1202 locorumque.

346 1218 490 1256 parent.
522 1207 638 1244 Goth.
669 1220 815 1256 parant,
846 1211 907 1246 sed
937 1221 974 1247 et
1006 1210 1123 1246 modo
1159 1210 1245 1258 quid
1266 1221 1336 1257 pro
1369 1205 1467 1256 quod
1497 1203 1584 1247 (Ubi

263 1269 393 1313 Camp.
417 1264 496 1313 qui)
517 1276 605 1299 cum
624 1265 928 1312 interrogatione
950 1267 990 1302 in
1011 1265 1185 1300 clausula.
1219 1262 1393 1300 Schelius
1417 1260 1464 1295 ad
1481 1258 1586 1295 Dial.

263 1323 309 1358 de
332 1321 453 1356 Oratt.
477 1332 508 1355 c.
535 1328 596 1354 12.
623 1320 781 1366 conjicit
797 1322 958 1369 pariant,
988 1321 1157 1357 nostrum
1180 1331 1281 1356 recte
1303 1328 1432 1354 tuente
1454 1317 1585 1351 Burm.

262 1378 332 1426 qui
351 1376 465 1424 ponit
484 1374 565 1410 loca
587 1373 726 1410 Ovidii
747 1378 827 1413 Art.
853 1389 885 1414 ι,
917 1386 1007 1420 257.
1039 1376 1194 1411 Remed.
1218 1382 1310 1419 305-

342 1433 405 1474 25.
435 1439 527 1465 certe
554 1431 744 1473 jucundus.
773 1430 876 1465 Flor.
904 1432 1038 1467 inserit
1066 1434 1140 1466 vim
1174 1431 1331 1468 demoni,
1363 1426 1465 1462 Alm.
1483 1424 1584 1460 vide-

240 1489 374 1523 -mom',
406 1486 452 1520 cf.
485 1489 518 1531 ᾖ.
546 1485 606 1519 16.
665 1487 766 1520 Bene
785 1498 937 1521 mecum
967 1488 1104 1534 agitur,
1137 1485 1241 1532 quod
1271 1483 1372 1518 nihil
1393 1477 1586 1527 ejusmodi

261 1543 377 1577 habet
396 1541 526 1576 Turio.
546 1553 667 1579 meus.
725 1541 798 1576 Sed
828 1540 892 1576 vel
919 1555 1020 1577 nune
1049 1541 1261 1588 aegerrimo
1293 1538 1422 1573 animo
1443 1535 1585 1570 bonam

220 1619 224 1622 ’
262 1598 412 1645 COPiflm
429 1595 495 1630 hic
513 1596 634 1640 eiuro·
853 1610 945 1644 quae
964 1596 1052 1644 ipsa.
1102 1597 1164 1630 Sic
1186 1596 1315 1630 Turio.
1335 1594 1362 1627 F
1366 1591 1436 1626 lor.
1457 1587 1583 1626 Guelf-

262 1652 424 1688 Omittit
453 1648 530 1699 ipsa
552 1651 681 1698 Camp,
711 1649 870 1697 Reliqui
898 1653 920 1686 ἰ.
939 1666 972 1700 q.
1006 1651 1206 1686 Blanditur
1235 1652 1316 1686 sane
1345 1646 1440 1682 alter
1472 1644 1583 1683 ordo,

260 1708 319 1743 sed
351 1707 474 1742 noster
505 1718 591 1740 cum
623 1705 818 1740 difficilior
846 1707 1044 1747 videatur,
1084 1706 1249 1741 deserere
1277 1716 1364 1740 eum
1394 1715 1472 1737 non
1504 1701 1585 1734 sum

260 1764 380 1798 ausus.
438 1764 696 1809 Interpretor:
746 1761 865 1800 „haec
897 1775 984 1797 cum
1012 1775 1081 1810 per
1108 1762 1163 1800 se,
1213 1759 1333 1796 nullis
1372 1749 1587 1799 litterarum

259 1817 502 1858 „lenociniis,
533 1816 772 1864 voluptatem
794 1817 972 1853 faciant.“
1027 1816 1186 1864 Vulgata
1206 1814 1388 1862 jejunior.

348 1866 540 1907 delectant.
589 1872 686 1909 Jens.
723 1874 810 1916 (tac.
843 1872 971 1916 Gesn.)
1015 1873 1128 1907 Tarv.
1162 1871 1340 1906 delectent
1376 1881 1462 1904 cum
1498 1865 1586 1902 Ald-

259 1928 379 1965 male:
412 1938 455 1963 ut
488 1938 524 1962 et
544 1928 723 1963 advocent
756 1927 823 1973 (cf.
842 1937 924 1963 not.
949 1928 1074 1975 exeg.)
1109 1939 1197 1961 cum
1219 1925 1302 1960 edd.
1323 1924 1478 1973 posterr.
1500 1929 1587 1957 ante

314 2048 496 2100 aptfflma
513 2068 569 2075 —
592 2062 740 2084 nemora
763 2048 896 2097 filvas-
953 2048 1070 2083 dendi
1089 2048 1131 2082 in
1158 2047 1258 2095 agris
1286 2043 1586 2081 commendatio-

257 2120 336 2157 que.
374 2108 548 2144 Locum,
582 2105 626 2138 in
653 2105 729 2153 ipsa
760 2104 895 2140 harum
951 2117 1051 2139 nem.
1091 2105 1149 2138 Eo
1182 2102 1364 2150 respexit,
1393 2110 1436 2136 ut
1462 2098 1587 2134 moni-

259 2161 484 2196 deliciarum
504 2160 810 2208 reprehensione,
824 2160 897 2194 mi·
954 2170 1036 2195 tum
1059 2159 1119 2199 est,
1138 2156 1286 2192 Plinius
1305 2156 1382 2206 ipse
1406 2156 1443 2203 9',
1465 2166 1526 2193 ιο,
1550 2163 1588 2187 2·

258 2217 368 2251 rifice
417 2225 590 2251 comtum
637 2215 896 2262 nitidumque,
954 2216 1007 2249 Ut
1023 2213 1105 2249 illic
1133 2226 1281 2248 nemora
1302 2221 1338 2247 et
1357 2211 1449 2251 luci,
1479 2210 1530 2244 ita
1553 2218 1590 2244 et

259 2272 329 2308 vix
365 2271 466 2318 legas
509 2271 586 2305 fine
631 2270 897 2306 recordatione
954 2270 1020 2304 hio
1055 2282 1147 2317 ⁴uno
1192 2268 1340 2304 variato
1381 2263 1586 2302 vocabulo.

261 2339 397 2362 eorum
429 2339 525 2374 quae
560 2324 733 2367 Plinius,
780 2325 898 2363 nostri
955 2326 1164 2361 Beatiorem
1182 2333 1307 2359 autem
1319 2321 1502 2371 spiritum.
1515 2331 1586 2368 pro

261 2380 491 2429 discipulus,
523 2381 565 2415 in
606 2382 790 2416 diversam
821 2381 899 2415 sen·
955 2391 1031 2428 quo
1054 2381 1241 2414 laetiorem
1269 2389 1453 2426 reponere
1478 2375 1586 2411 ausus

261 2439 441 2476 tentiam;
480 2447 518 2471 et
555 2436 734 2471 adhibuit
767 2437 899 2472 Gesne-
957 2436 1006 2471 est
1026 2435 1265 2475 Obrechtus,
1293 2432 1495 2469 rectiffime
1523 2431 1586 2466 de·

260 2504 347 2532 rus;
377 2491 508 2539 Epistt.
538 2505 571 2530 1,
603 2491 639 2526 6.
672 2503 706 2539 9,
736 2491 801 2535 56,
835 2491 897 2531 6.;
955 2491 1078 2526 fendit
1113 2492 1374 2529 Burmannus,
1421 2487 1586 2534 allegans

259 2547 324 2581 sed
343 2556 380 2580 et
405 2545 571 2585 alterius,
593 2559 706 2594 quem
732 2558 802 2594 ego
825 2546 897 2580 Ta·
953 2545 1084 2590 locum
1124 2545 1242 2581 nostri
1278 2556 1348 2584 ιο,
1403 2558 1419 2579 ι
1435 2569 1445 2583 ‚
1496 2551 1584 2587 109·

262 2602 381 2636 citum
414 2601 483 2634 effe
511 2601 635 2636 adhuc
663 2612 796 2641 teneo,
828 2601 898 2649 qui
953 2601 1035 2636 Nec
1055 2600 1157 2635 aliud
1177 2601 1275 2635 dives
1293 2613 1386 2635 vena
1404 2595 1570 2634 Horatii.

208 2655 218 2662 ’
259 2655 416 2692 inDial.
433 2655 477 2689 de
491 2655 614 2691 Oratt.
635 2669 665 2691 c.
680 2669 715 2703 9.
740 2666 835 2691 extr.
861 2667 897 2691 et
1011 2665 1074 2699 25.
1105 2669 1198 2704 quae
1247 2653 1336 2703 ipsa.
1386 2654 1465 2691 vid.
1504 2660 1584 2687 not.

268 2720 330 2745 12.
372 2710 623 2746 suaviffimam
665 2711 780 2747 habet
822 2711 895 2747 stu·
952 2711 1035 2747 crit.
