1676 3028
321 228 487 274 INST.
523 227 802 273 ORATOR.
838 227 959 279 Lm.
996 226 1107 280 ΧΠ,
1145 239 1222 284 2„
1329 238 1424 284 515

83 354 290 412 mortis,
331 351 730 420 superstitionis,
771 353 921 402 nulla
946 352 1148 401 ratione
1167 369 1426 418 purgave-

82 432 209 489 3113
231 434 297 480 Et
331 431 521 493 justus,
573 431 668 495 qui
694 431 849 496 aequi
871 430 1107 495 bonique
1132 439 1423 487 tractatum,

12 509 21 528 ²
83 509 186 574 qui
216 509 379 574 leges,
409 523 557 572 quae
585 518 768 556 natura
803 505 924 557 sunt
964 506 1215 556 omnibus
1252 505 1425 565 datae,

78 598 328 651 quaeque
360 585 606 651 propriae
635 585 852 650 populis
879 595 930 632 et
958 583 1203 649 gentibus
1232 581 1423 632 consti-

84 671 253 720 tutae,
301 677 581 726 nunquam
625 661 918 712 eruditiore
957 663 1137 729 aliquo
1182 659 1422 710 sermone

83 739 347 788 tractarit?
387 741 432 793 O
455 755 613 804 quam
638 737 779 788 istud
808 756 1034 804 parvum
1066 747 1270 804 putant,
1303 739 1423 803 qui-

78 814 184 865 bus
215 826 319 865 tam
350 806 503 867 facile
534 815 772 865 videtur!
820 815 922 864 Sed
954 815 1056 864 hoc
1094 825 1320 873 transeo,
1355 813 1420 863 de
1446 827 1471 869 4

73 894 192 956 ,quo
228 893 528 957 neminem,
582 894 677 958 qui
720 894 915 942 litteras
962 894 1049 941 vel
1090 893 1300 956 primis,
1361 901 1424 940 ut

77 971 254 1029 aiunt,
299 969 458 1018 labris
499 958 809 1035 degustarit,
860 969 1231 1018 dubitaturum
1270 978 1421 1034 puto.

7 1101 14 1105 ,
72 1044 174 1097 Ad:
187 1044 330 1098 illud
355 1043 578 1111 sequens
603 1056 919 1113 praevertar,
959 1063 1028 1096 ne
1060 1044 1275 1095 dicendi·
1304 1045 1424 1110 qui-

76 1243 182 1281 Flor.
221 1243 355 1284 Ambr.
395 1255 431 1282 2.
475 1245 602 1282 Guelf.
645 1247 739 1282 Exn.
781 1248 883 1281 Sant.
927 1244 1046 1281 Goth.
1087 1247 1180 1290 (err.
1227 1245 1358 1287 Gesn.)
1388 1257 1421 1282 c.

77 1300 182 1337 Alm-
208 1303 315 1339 Vols·
346 1316 379 1338 ι.
409 1313 445 1338 2.
478 1312 514 1346 3.
546 1302 642 1338 Obr.
677 1304 864 1349 ignoraret
893 1303 1026 1349 Camp.
1064 1302 1168 1350 quod
1191 1301 1262 1337 sibi
1291 1315 1421 1349 reper-

79 1367 164 1408 tum
196 1358 367 1394 correxit
393 1358 539 1407 Regius
568 1359 768 1406 ignorarit,
801 1357 1101 1405 obsequentibus
1131 1356 1308 1405 reliquis.
1364 1372 1421 1392 ra-

81 1413 183 1448 tione
209 1415 447 1462 purgatIOnis
477 1415 610 1450 Turic.
643 1413 747 1450 Flor.
781 1411 828 1450 c(
849 1413 948 1450 Alm.
980 1425 1028 1448 ex
1066 1426 1196 1450 errore
1230 1413 1303 1448 illo
1333 1426 1420 1461 per·

77 1475 208 1518 'peram
240 1470 514 1512 continuandi;
548 1470 595 1505 cf.
628 1479 664 1514 5,
695 1482 734 1516 9,
774 1479 834 1514 15.
869 1485 897 1505 r.
929 1472 1154 1519 pugnaverit
1171 1469 1292 1504 Goth.
1324 1467 1416 1515 (tac.

77 1524 211 1573 Gern.)
242 1537 273 1561 ο.
306 1525 408 1563 Voff.
442 1537 478 1564 2.
511 1527 660 1576 Gryph.
698 1527 816 1570 1556.
860 1527 907 1562 ef.
940 1535 977 1568 7,
1013 1539 1047 1566 ι,
1086 1535 1147 1560 12.
1218 1527 1314 1560 Mox
1346 1527 1419 1560 vir-

77 1590 136 1618 tus
171 1594 242 1630 pro
276 1579 393 1629 justus
428 1582 562 1619 'Guelfi
856 1595 1041 1630 nunquam
1082 1582 1291 1617 eruditiore.
1354 1581 1417 1616 Sic

76 1651 149 1674 nos
179 1651 199 1683 e
229 1639 330 1686 conj.
364 1639 463 1674 Nam
495 1639 628 1676 Turic.
658 1637 762 1674 Flor.
794 1653 904 1688 quam
935 1653 965 1674 e.
1001 1650 1090 1674 cum
1117 1637 1219 1673 Alm.
1266 1652 1352 1673 num
1382 1651 1412 1673 e.

59 1693 210 1731 >Amb12
246 1705 282 1731 2.
310 1707 385 1730 mm
411 1701 446 1731 ἐ.
478 1694 604 1732 Guelf.
639 1708 712 1730 non
743 1709 773 1731 e.
806 1694 966 1744 reliqui.
1142 1696 1321 1730 tractarit.
1356 1695 1420 1730 sic

76 1750 182 1787 Flor.
214 1750 347 1788 Ambr.
379 1761 418 1788 2.
450 1752 578 1787 Guelf.
613 1752 745 1799 Camp.
780 1764 811 1786 c.
841 1751 944 1787 Alm.
984 1749 1089 1789 Vols.
1125 1760 1161 1793 5.
1204 1753 1421 1786 tractaverit

76 1800 235 1855 reliqui.
516 1821 682 1856 parvum.
755 1808 819 1842 Sic
846 1819 917 1842 nos
950 1821 970 1842 e
1000 1807 1101 1853 conj.
1131 1819 1308 1854 pavorem
1339 1808 1418 1842 Tu-

77 1862 149 1900 rio.
186 1861 291 1898 Flor.
339 1875 371 1898 c.
403 1862 503 1899 Alm.
542 1877 675 1912 parum
705 1862 864 1911 reliqui.
909 1863 967 1899 Cf.
1007 1875 1051 1903 ι,
1086 1875 1128 1902 ι,
1166 1869 1226 1907 ι8.
1291 1863 1420 1912 quibus

77 1932 156 1956 uon
175 1918 295 1967 facile
323 1920 421 1958 Jens.
453 1921 566 1956 Tarv.
596 1933 630 1968 q·
662 1928 738 1955 tam
768 1933 841 1955 non
864 1917 899 1967 f.
929 1920 1064 1955 Locat.
1095 1919 1192 1956 Ven.
1227 1920 1336 1954 Rufo.

164 1985 201 2020 4.
261 1973 469 2024 degustaret
497 1977 631 2013 Ambr.
664 1984 700 2011 2.
734 1990 766 2012 c.
797 1975 900 2014 Voff.
934 1990 969 2012 1.
1014 1971 1262 2022 degustaverit
1292 1975 1411 2011 Goth.

74 2033 167 2078 (tae.
210 2032 344 2079 Gesn.)
398 2033 460 2068 Ad
497 2034 602 2069 aliud
642 2034 774 2081 Camp.
1055 2040 1282 2080 praevertar.
1352 2031 1415 2067 Sic

130 2208 172 2244 3.
230 2204 426 2236 tractatum
443 2217 499 2226 —
527 2202 707 2236 tractarit.
825 2203 864 2245 4.
904 2199 951 2234 de
979 2212 1051 2248 quo
1082 2199 1408 2234 neminem—du-

73 2255 149 2292 Hie
170 2255 328 2304 quidem
346 2255 547 2304 infigniter
567 2256 625 2291 [ui
644 2256 711 2292 ob·
768 2256 966 2291 bicaturum
985 2264 1086 2302 puto.
1149 2255 1254 2301 Quid
1287 2256 1410 2304 igitur

73 2311 169 2348 litus
204 2323 284 2348 erat
312 2312 456 2351 noster,
487 2322 525 2346 et
553 2311 710 2359 gravius
769 2313 891 2347 censes
924 2311 1024 2350 illos,
1050 2301 1156 2353 Pab'i,
1189 2312 1260 2359 qui
1282 2314 1409 2346 virtu·

74 2369 190 2416 etiam
210 2368 385 2418 peccavit
407 2380 520 2416 quam
544 2368 587 2402 in
605 2382 711 2408 „mo-
769 2378 845 2403 tem
867 2368 998 2402 doceri
1026 2378 1216 2416 negarunt
1238 2367 1409 2415 graviffi-

71 2424 150 2464 „do
161 2423 234 2460 illo
252 2425 362 2460 morlo
374 2426 607 2460 terminato‘·
623 2433 709 2471 9‚4‚
766 2425 823 2458 mi
850 2434 1023 2459 veterum
1044 2424 1370 2472 philosophorum
1389 2423 1409 2460 ’ἓ

77 2489 168 2527 ³25.
191 2490 386 2516 tractatum
398 2492 524 2517 autem
537 2481 712 2528 aequidi-
739 2480 745 2485 “
770 2480 842 2515 Sed
877 2480 944 2527 qui
973 2480 1130 2516 virtutis
1170 2491 1289 2521 artem
1322 2480 1408 2516 nul-

74 2547 159 2573 cere
178 2537 372 2586 imprimis
394 2547 504 2577 amat,
525 2536 635 2571 velut
646 2536 712 2571 hic
767 2535 842 2571 lam
863 2536 1119 2583 agnoscerent,
1147 2536 1178 2571 ii
1198 2536 1331 2579 nostro
1348 2537 1406 2572 vi-

74 2591 109 2636 §.
135 2600 198 2641 ιζ).
233 2593 294 2630 16.
333 2603 395 2635 12,
427 2608 469 2635 ι,
493 2599 528 2638 8.
565 2599 610 2635 5,
650 2605 710 2633 10,
769 2592 957 2628 debantur
989 2591 1120 2640 quales
1151 2592 1219 2641 qui
1256 2592 1405 2628 nullam

75 2656 142 2691 72.
168 2656 265 2695 ›118.
322 2652 369 2685 In
396 2662 534 2698 genere
565 2649 610 2684 de
637 2648 714 2684 dis·
769 2647 1021 2696 eloquentiae.
1054 2647 1101 2683 cf.
1129 2658 1164 2689 2.
1197 2658 1262 2690 21,
1285 2658 1322 2692 5.

74 2703 272 2751 putatione
299 2705 566 2756 philosophica
590 2705 655 2757 hic
677 2703 709 2750 §.
823 2705 872 2740 ad
893 2704 987 2740 illud
1002 2714 1283 2754 -praevertan
1321 2707 1405 2741 Du·

79 2769 143 2807 ¹9.
164 2769 369 2799 tractatum.
767 2760 912 2811 plicem
969 2761 1189 2813 disciplinae
1244 2761 1409 2798 morans

135 2838 239 2876 Tom.
269 2834 338 2879 11⁹.
950 2842 983 2876 f.
998 2839 1021 2876 k
