1676 3028
237 931 264 967 9
287 917 468 971 etiam,
506 924 568 963 ut
605 913 837 971 sciamus,
875 931 939 962 an
978 913 1158 962 eadem
1196 913 1344 962 dicat.

279 278 374 325 578
581 266 656 312 Μ.
690 266 841 312 ΕΑΒ.4
863 264 1269 326 quma-mum
1315 284 1351 322 -25

280 390 472 441 habere
503 400 830 439 momentum
875 388 1202 438 videbantur.
1287 388 1410 439 Nec·
1445 399 1582 440 tanta

282 464 348 521 fit
385 476 563 525 acturo
598 465 879 512 memoriae
917 462 1112 513 fiducia
1128 500 1142 522 ‚
1177 473 1239 512 ut
1271 461 1582 532 subscribere

282 540 457 590 audita
492 541 672 605 pigeat.
752 540 866 587 Nec
907 537 1064 588 semel
1105 536 1295 592 audiffe
1342 537 1408 594 fit
1441 538 1580 590 satis:

284 613 547 680 cogendus
597 614 777 662 eadem
823 615 1015 663 iterum
1065 631 1121 662 ac
1166 613 1365 679 saepius
1414 613 1583 666 dicero

281 691 536 754 litigator,
601 706 711 738 non
758 687 925 738 solum
974 689 1096 753 quia
1140 685 1367 752 effugere
1413 689 1588 752 aliqua

281 766 449 830 prima
484 762 805 830 expositione
831 774 1133 830 potuerunt,
1170 762 1471 828 praesertim,
1490 763 1590 816 ho,-

280 841 479 888 minem
517 839 690 905 (quod
724 838 869 903 saepe
899 837 1097 902 evenit)
1134 840 1463 904 imperitum:
1498 835 1590 887 sed

1421 913 1592 964 Pluri-

240 1027 244 1030 -
284 991 360 1039 mi
398 991 539 1038 enirn
577 990 941 1046 mentiuntur,
962 1000 1028 1046 et,
1067 999 1312 1053 tanquam
1348 1005 1460 1037 non
1496 987 1593 1036 do-

211 1390 258 1417 20

285 1076 430 1113 ceant
469 1063 697 1121 causam,
745 1063 834 1112 sed.
871 1075 1044 1128 agant,
1101 1081 1210 1113 non
1249 1074 1309 1112 ut
1347 1081 1464 1112 cum
1502 1078 1593 1127 pa·

283 1151 464 1197 trono,
499 1139 587 1187 sed
625 1149 685 1187 ut
724 1156 845 1187 cum
881 1138 1053 1198 judice
1087 1140 1394 1201 loquuntur.
1454 1141 1594 1205 Qua-

283 1226 498 1280 propter
537 1230 810 1277 nunquam
864 1212 982 1261 satis
1028 1213 1346 1261 credendum
1379 1211 1466 1270 est,
1504 1209 1595 1258 sed.

286 1289 558 1353 agitandus
600 1289 843 1337 omnibus
881 1288 1077 1345 modis,
1112 1298 1163 1336 et
1201 1287 1508 1343 turbandus,
1543 1295 1596 1332 et

285 1363 596 1413 evocandus.

288 1569 393 1596 tanta
405 1559 485 1607 sint
505 1559 635 1594 Tutic.
659 1557 761 1594 Flor.
804 1557 931 1605 usum*
950 1557 1080 1604 Camp.
1121 1559 1313 1591 memoriae
1334 1555 1453 1604 dffcae'
1469 1564 1509 1590 ut
1518 1555 1597 1591 Tu·

286 1615 355 1651 ric.
385 1613 486 1649 Flor.
519 1626 549 1648 c.
580 1611 679 1648 Alm.
748 1613 875 1647 iterum
915 1612 1032 1645 dicere
1069 1624 1111 1645 ac
1139 1610 1242 1658 saep.
1285 1609 1409 1647 Guelf.
1477 1610 1596 1645 dicam

286 1682 358 1718 pro
389 1669 611 1706 dicereJens.
644 1666 732 1711 (tac.
751 1667 877 1710 Gesn.)
936 1679 1009 1700 non
1044 1667 1129 1715 quia
1150 1665 1251 1702 Vols.
1273 1681 1305 1701 1.
1323 1676 1359 1709 3.
1417 1667 1479 1716 qui
1506 1665 1596 1712 effu-

285 1739 374 1773 gere
405 1725 535 1770 Camp.
595 1723 693 1771 quod
725 1720 786 1767 eff.
818 1723 949 1756 Turic.
1063 1730 1098 1754 et
1117 1719 1298 1768 positione
1314 1721 1415 1756 Flor.
1532 1719 1599 1755 ho-

288 1782 421 1813 minem
453 1776 667 1826 prosequens
707 1776 805 1824 quod
845 1776 975 1811 Turic.
1007 1774 1109 1809 Flor.
1152 1775 1241 1818 (sed
1272 1775 1336 1809 hic
1363 1774 1601 1824 presequens)

288 1846 378 1869 eum
407 1833 507 1867 Alm.
538 1834 581 1867 In
610 1845 686 1879 quo
717 1831 972 1866 additamento
1004 1829 1099 1878 quid
1130 1828 1251 1870 lateat,
1281 1829 1520 1866 felicioribus
1544 1829 1603 1864 di·

289 1888 501 1924 vinandum
541 1886 733 1934 relinquo.

401 1999 438 2033 9.
471 1999 543 2021 non
565 1995 716 2020 noceant
741 1984 841 2020 Flor.
893 1983 961 2032 sed
981 1998 1057 2019 cum
1072 1984 1193 2027 judice
1215 1982 1339 2019 Guelf.
1361 1981 1477 2020 Goth.
1499 1982 1595 2020 Jenr.

292 2053 329 2078 et
358 2041 440 2078 edd.
470 2042 563 2090 post.
593 2052 677 2075 ante
706 2041 796 2075 Bad.
830 2040 1023 2088 loquantur
1051 2038 1152 2074 Flor.
1177 2037 1301 2074 Guelf.
1330 2038 1460 2088 Camp.
1479 2037 1596 2074 Goth.

290 2098 385 2136 Jens.
417 2110 448 2132 c.
478 2095 581 2136 Voss'.
613 2105 649 2132 2.
680 2106 716 2131 et
746 2095 827 2131 cdd.
862 2105 945 2130 ante
972 2094 1057 2130 Ald.

973 2250 1133 2284 astruere
1166 2257 1326 2293 nequeo.
1383 2242 1446 2278 Est
1474 2253 1599 2278 tamen

973 2304 1018 2339 ab
1049 2315 1116 2343 eo,
1164 2301 1267 2349 quod
1296 2309 1416 2339 reete,
1447 2298 1598 2346 opinor,

349 2259 385 2296 8.
404 2249 634 2299 subscribere.
651 2247 916 2297 Sulzscribimus,

291 2307 532 2342 subnotamus
554 2305 693 2343 audita,
724 2317 811 2337 cum
839 2316 919 2338 non

674 1364 817 1411 Nam
852 1373 914 1410 ut
953 1362 1170 1411 medicis
1208 1379 1319 1412 non
1349 1376 1615 1427 apparen-,
1664 1382 1670 1387 “

293 2362 422 2396 onmia
451 2360 570 2395 verbo
600 2370 708 2393 tenus
739 2368 918 2405 tanquam

293 2416 429 2451 dictata
482 2414 626 2448 calamo
683 2414 916 2460 excipimus:

291 2472 353 2506 sed
382 2483 422 2505 ea
449 2469 684 2518 potiffimum
715 2481 810 2516 quae
838 2481 916 2503 me·

291 2526 434 2561 moriae
455 2524 537 2559 usui
556 2524 682 2558 futura
703 2524 797 2557 sunt.

349 2594 384 2628 9.
441 2592 619 2626 nunquam
646 2577 740 2626 sutis
778 2579 919 2612 creden·

291 2636 362 2669 dun
343 2650 375 2669 ιιι
404 2633 463 2681 est.
508 2646 704 2679 nunquam
734 2633 778 2667 ab
812 2633 918 2668 omni

290 2703 335 2738 pa
318 2700 395 2724 arte
416 2690 614 2724 fidendum
638 2688 686 2722 cst
708 2688 755 2723 ei.
795 2688 917 2744 Quam

290 2745 397 2778 vocis
409 2742 502 2791 sutis
521 2742 709 2777 rationem
730 2734 916 2790 exemplis

974 2358 1112 2393 dicitur
1130 2369 1235 2398 „non
1254 2355 1337 2390 satis
1357 2353 1468 2390 credo
1488 2352 1599 2388 tibi-‘⁵

1028 2466 1239 2506 evocandus,
1264 2464 1371 2500 velut
1393 2477 1411 2499 e
1429 2461 1596 2504 latebris,

975 2523 1017 2557 in
1048 2521 1186 2569 quibus
1214 2519 1248 2555 I‘e
1279 2531 1314 2555 et
1342 2518 1436 2553 vitia
1454 2515 1597 2552 'causae

975 2577 1178 2612 abscondit.
1217 2577 1274 2609 Ita
1297 2587 1373 2609 non
1395 2584 1491 2619 opus
1514 2571 1598 2606 Ges-

974 2633 1076 2671 neri,
1112 2643 1223 2680 quam
1252 2630 1328 2677 ipse
1358 2639 1435 2662 nou
1468 2625 1598 2660 admo·

975 2687 1065 2720 dum
1092 2695 1226 2732 urget,
1264 2683 1596 2729 conjecturaavo-

974 2741 1117 2775 candus.
