1676 3028
329 266 350 298 1
366 265 420 300 ια
640 255 713 300 M.
744 257 875 301 FAB.
912 247 1320 318 QUINTILIANI

323 377 430 428 sola
464 381 608 439 vitia,
647 391 696 428 et
728 372 870 429 adea
888 380 938 428 se
974 384 1196 446 quisque
1223 383 1475 448 dirigebat
1496 381 1637 432 effin-

323 452 517 519 genda,
546 472 678 519 quae
707 466 930 521 poterat:
973 457 1163 504 deinde
1195 474 1312 506 cum
1347 458 1397 506 se
1431 462 1638 518 jactaret

327 529 514 578 eodem
555 531 714 579 modo
772 531 966 588 dicere,
1046 534 1289 580 Senecam
1343 533 1634 583 infamabat.

237 606 486 664 naeuius
517 616 567 653 et
605 608 797 654 multae
828 607 1051 670 alioqui,
1087 617 1136 654 et
1165 623 1380 670 magnae
1415 610 1635 657 virtutes

304 679 563 728 fuerunt:
603 682 877 744 ingenium
905 680 1054 728 facile
1076 692 1125 729 et
1150 681 1433 746 copiosum,
1469 684 1637 748 pluri-

317 771 467 803 mum
495 754 678 812 studii,
734 757 898 804 multa
925 773 1101 804 rerum
1149 758 1403 821 cognitio:
1444 759 1501 805 in
1533 774 1637 820 qua

316 840 489 877 tamen
523 830 805 894 aliquando
837 832 899 879 ab
933 831 1040 888 his,
1101 833 1291 895 quibus
1323 832 1637 896 inquirenda

316 905 572 968 quaedam
602 906 899 962 mandabat,
939 906 1186 971 deceptus
1217 905 1301 955 est.
1379 908 1637 955 Tracta-vit

228 995 305 1032 ³29
319 975 472 1027 etiam
499 997 710 1028 omnem
730 980 839 1028 fere
863 980 1154 1029 studiorum
1183 983 1459 1030 materiam.
1492 976 1636 1030 ¹'Nam

311 1065 361 1102 et
382 1056 642 1104 orationes
663 1059 795 1115 ejus,
834 1067 884 1104 et
904 1061 1165 1120 poemata,
1203 1067 1253 1104 et
1290 1055 1555 1121 epistolae,
1585 1067 1636 1105 et

308 1129 505 1195 dialogi
556 1130 814 1181 feruntur.
932 1134 992 1179 In
1065 1131 1399 1198 philosophia
1448 1149 1634 1197 parum

305 1294 409 1330 Flor.
456 1294 551 1342 (hic
581 1308 600 1329 a
630 1308 688 1343 pr.
719 1295 800 1337 m.)
849 1295 1046 1331 omittunt.
1271 1308 1325 1330 ea.
1364 1293 1493 1330 Turic.
1527 1293 1629 1329 Flor.

308 1360 509 1386 omittunt.
1433 1383 1435 1385 .

392 1411 480 1448 123.
513 1406 664 1454 alioqui,
697 1414 733 1440 et
765 1419 919 1452 magnae
940 1408 1026 1440 virt.
1058 1405 1187 1442 Turic.
1210 1407 1249 1450 (a
1277 1405 1345 1440 sec.
1375 1405 1507 1448 manu)
1535 1403 1633 1439 aliae

304 1461 447 1510 quidem
477 1475 524 1496 m.
551 1475 585 1496 v.
635 1462 769 1508 Camp.·
796 1462 869 1495 alie
889 1462 1034 1510 quidem
1074 1462 1155 1495 virt.
1383 1460 1507 1494 multa.
1570 1460 1630 1494 Sic

301 1516 432 1551 Turio.
453 1514 555 1551 Flor.
577 1516 701 1551 Guelf.
727 1517 856 1563 Camp.
881 1528 966 1549 cum
989 1515 1094 1550 Bafil.
1120 1514 1275 1562 Reliqui
1293 1515 1486 1549 multarum
1507 1515 1572 1558 (cf.
1592 1526 1628 1560 9,

300 1581 338 1610 2,
371 1576 434 1613 47.
467 1577 501 1613 5,
538 1583 596 1609 10,
630 1570 715 1617 91.)
745 1571 840 1608 Jens.
864 1575 950 1614 (tac.
977 1570 1104 1615 Gesn.)
1127 1569 1218 1604 huic
1251 1570 1342 1604 voci
1361 1569 1571 1617 praemittit
1594 1578 1630 1604 et

299 1637 388 1659 cum
426 1625 509 1660 edd.
543 1636 627 1660 ante
651 1625 755 1660 ssafil.
790 1638 862 1660 acc.
896 1624 1043 1671 Gryph.
1254 1625 1458 1671 ‘cognitio
1495 1625 1626 1659 Turic.

295 1679 400 1715 Flor.
435 1677 519 1726 (hic
547 1694 567 1714 a
596 1694 654 1728 pr.
687 1679 760 1727 m.)
793 1681 989 1714 omittunt.
1218 1678 1262 1713 ab
1295 1679 1356 1715 his.
1406 1679 1466 1713 Sic
1494 1679 1622 1715 Turic.

294 1735 398 1769 Flor.
434 1737 563 1783 Camp.
604 1734 758 1782 Reliqui
791 1735 836 1769 ab
859 1736 911 1769 iis.
958 1734 1003 1768 cf.
1033 1740 1078 1776 8,
1113 1733 1148 1774 6,
1179 1734 1241 1776 63.
1401 1769 1405 1772 ,
1472 1746 1623 1770 omnem.

294 1790 411 1825 Goth.
438 1790 525 1834 (tac.
546 1791 674 1834 Gesn.)
703 1791 833 1838 Camp.
856 1791 1023 1824 omnium.
1055 1791 1115 1826 Jo.
1149 1789 1336 1824 saresber.
1382 1802 1522 1824 omnem
1541 1788 1626 1836 fere

293 1842 565 1891 omniumfi‘ud.
595 1854 680 1880 mat.
718 1846 819 1880 unde
851 1844 966 1879 Goth.
998 1844 1221 1891 scripturam
1256 1844 1495 1879 commendat
1516 1842 1620 1880 Gisb.

290 1900 414 1935 Koen.
455 1900 501 1935 cf.
532 1903 683 1947 §.125.
743 1901 901 1937 Nostrae
926 1899 1130 1945 scripturae
1158 1899 1261 1933 favet
1287 1913 1320 1940 1,
1354 1909 1397 1941 4,
1429 1907 1465 1941 5.
1497 1901 1624 1939 „omni

290 1955 534 1994 „studiorum
570 1962 744 2002 genere“.
992 1957 1194 1988 materiam.
1218 1954 1328 1988 Nam.
1353 1954 1482 1989 Turio.
1518 1953 1620 1990 Flor.

286 2009 327 2054 (a
360 2023 417 2058 pr.
451 2023 501 2045 m.
531 2011 708 2058 uterque)
745 2022 830 2045 nam
864 2011 1067 2043 materiam.
1126 2007 1196 2043 Ille
1227 2021 1247 2042 a
1285 2009 1352 2045 sec.
1399 2021 1451 2045 m.
1507 2008 1613 2044 tollit

285 2065 418 2113 priore
439 2063 525 2100 loco
550 2078 645 2105 nam,
678 2079 746 2100 nec
766 2062 918 2111 reponit
939 2062 1079 2101 altero,
1118 2073 1154 2099 et
1174 2064 1220 2097 fic
1243 2062 1342 2099 Alm.

377 2130 465 2168 129.
497 2123 692 2158 orat1'ones.
725 2120 853 2155 Turic-
884 2117 986 2154 Flor.
1018 2118 1099 2161 (hic
1123 2131 1141 2152 a
1162 2131 1222 2166 pr.
1243 2117 1315 2166 m.)
1347 2121 1562 2154 orationem.

368 2176 513 2223 dialogi
539 2175 719 2222 feruntur.
753 2174 884 2210 Turic.
908 2173 1009 2208 Flor.
1040 2174 1189 2221 dialogo
1212 2173 1248 2220 f.
1308 2173 1378 2209 Ille
1409 2187 1427 2208 a
1461 2175 1526 2209 sec.
1564 2187 1614 2210 m.

282 2231 429 2278 dialogi
469 2230 687 2278 efferuntur,
721 2242 757 2266 et
798 2233 846 2265 fic
882 2229 1010 2276 Camp.
1041 2230 1138 2267 Jens.
1184 2241 1271 2263 cum
1307 2229 1390 2264 edd.
1421 2239 1507 2264 ante
1530 2228 1615 2265 Ald.

342 2349 430 2389 129.
467 2343 660 2377 oraciones.
690 2341 808 2381 „Sive
835 2352 920 2376 cau·
976 2339 1178 2386 ,‚scriptas,
1211 2349 1274 2374 aut
1313 2339 1488 2376 dictatasz
1526 2350 1614 2373 *uo-

277 2398 426 2437 „sarum
461 2398 640 2432 actiones.
698 2397 790 2443 Egit
821 2394 919 2430 mul-
975 2408 1086 2435 „rum
1113 2394 1285 2428 omnium
1309 2393 1406 2429 levis
1426 2393 1613 2439 memoria

276 2463 356 2492 „tas
388 2463 424 2487 et
446 2453 621 2490 illustres,
643 2462 753 2500 atque
773 2451 815 2486 in
837 2450 918 2498 ipso
972 2449 1176 2497 „superest,
1209 2459 1245 2484 et
1276 2448 1387 2487 tulit,
1429 2458 1472 2483 ut
1506 2447 1610 2486 solet,

274 2508 452 2548 „senatuz
506 2518 549 2543 ut
603 2508 776 2542 omittam
826 2517 916 2554 quas
973 2511 1178 2544 „aevun1.“
1234 2504 1382 2552 Lipsius
1427 2503 1471 2537 in
1519 2502 1610 2540 Vita

273 2563 470 2609 „principi
499 2563 660 2610 scripsit,
718 2562 758 2595 in
790 2563 918 2596 senatu
973 2562 1144 2594 Senecae.
1210 2565 1380 2606 poEmata
1433 2567 1608 2597 „certum

270 2615 517 2658 „1·ecitandas.
586 2619 721 2664 Neque
772 2616 908 2651 dubito
965 2615 1042 2654 „est
1072 2614 1239 2650 ubertim
1279 2612 1480 2661 scripfiffe„
1524 2612 1604 2660 Ipse

268 2671 431 2712 „Edicta
461 2673 507 2707 ad
534 2671 722 2719 populum
758 2683 795 2707 et
814 2671 908 2719 Epi·
964 2671 1031 2710 „in
1061 2669 1179 2703 exilio
1211 2669 1335 2703 feciss'e
1367 2667 1536 2706 ostendit,
1567 2677 1605 2702 et

267 2725 406 2775 „stolas
423 2727 630 2776 graviores,
650 2726 696 2762 ab
715 2727 784 2762 illo
809 2718 898 2762 con·
955 2725 1147 2766 „Tacitus‚
1159 2725 1236 2769 jam
1254 2723 1378 2758 ¹etiam
1401 2722 1599 2760 seniorem.
