1676 3028
337 222 500 290 lus-r.
534 242 814 290 ORATOR.
851 241 974 288 mn.
1006 241 1118 293 ΧΠ,
1153 255 1199 287 2.
1334 253 1430 304 529

83 357 266 441 ‘dipem'
293 372 554 420 ‘omnium
592 371 836 420 Graeciae
875 379 1174 427 oratorum,
1234 367 1429 419 dediss'e

92 449 315 514 &peram
343 449 559 496 Platoni.
640 450 781 497 Nam
810 449 884 495 M.
917 446 1146 504 Tullius,
1175 463 1287 495 non
1318 457 1427 495 tan·
1457 457 1503 492 23

89 531 211 574 'tum
255 523 304 572 se
344 524 536 573 debere
577 523 764 575 scholis
807 519 1106 580 rhetorum,
1166 534 1428 587 quantum

83 601 403 652 fficademiae
431 600 642 669 spatiis,
702 600 1008 665 frequenter
1053 597 1162 664 ipse
1198 598 1428 652 testatur.

93 678 307 744 Neque
321 677 373 726 se
404 689 544 727 tanta
575 679 633 728 in
674 696 738 728 eo
769 694 1006 743 unquam
1037 674 1248 725 fudiffet
1272 678 1429 727 uber-

93 763 205 812 tas,
252 754 301 803 si
325 757 603 820 ingenium
648 754 804 806 suum
844 753 1092 820 consepto
1133 751 1266 812 fori,
1314 771 1429 804 nou

92 830 262 898 ipfius
286 831 464 882 rdrum
490 843 707 882 naturae
737 830 941 881 finibus
963 828 1290 880 terminaffet.
1330 834 1432 879 Ve-

93 912 218 957 rum
246 925 310 956 ex
331 907 441 957 'hoc
470 909 568 957 alia
592 910 727 958 mihi
750 907 984 974 quaestio
1016 909 1266 965 exoritur,
1294 924 1434 972 quae

93 982 226 1032 secta
266 984 507 1034 conferre
543 987 844 1052 plurimum
880 985 1213 1050 eloquentiae
1250 981 1431 1049 poffit:

94 1074 399 1126 quanquam
439 1079 498 1110 ea
545 1079 657 1111 non
700 1065 840 1112 inter
882 1063 1073 1111 multas
1123 1060 1292 1127 potest
1332 1060 1431 1110 esse

51 1190 55 1193 ,
95 1140 385 1203 eontentio.
457 1140 599 1188 Nam
639 1140 696 1188 in
733 1139 921 1205 primis
963 1155 1063 1188 nos
1100 1138 1362 1200 Epicurus
1403 1156 1432 1187 a
1462 1149 1511 1194 24

94 1211 146 1262 se
178 1214 287 1280 ipse
319 1215 564 1280 dimittit,
606 1218 699 1280 qui
732 1215 918 1281 fugere
951 1232 1165 1264 omnem
1199 1213 1433 1280 discipli-

95 1307 220 1339 nam
239 1293 575 1356 navigatione
601 1309 760 1356 quam
785 1289 1105 1340 velociffima
1126 1291 1287 1352 jubet.
1322 1294 1433 1340 Ne-

96 1381 203 1430 que
235 1379 365 1416 vero
391 1365 728 1437 Arzfiippus,
765 1368 1036 1418 summum
1068 1369 1125 1415 in
1157 1369 1432 1433 voluptate

7 1445 336 1510 nofizcorporis
373 1444 579 1494 bonum
613 1462 849 1511 ponem,
891 1443 957 1492 ad
980 1442 1126 1494 hunc
1153 1461 1251 1495 nos
1285 1445 1438 1506 labo--

179 1618 244 1654 25.
273 1592 437 1654 tssllatur.
470 1610 534 1646 Sic
563 1610 696 1660 Camp.
729 1606 887 1657 testatus
916 1609 1049 1646 Turic.
1069 1609 1173 1646 Flor.
1202 1607 1354 1658 testatus
1382 1609 1434 1661 eft

92 1665 250 1714 reliqui.
301 1665 435 1715 sufflet
463 1667 611 1702 ubertas
639 1667 768 1702 Turic.
800 1666 903 1704 Flor.
935 1667 1069 1703 Ambr.
1102 1676 1163 1708 2.;
1209 1667 1335 1708 idem,
1373 1669 1437 1705 sed

95 1722 234 1758 omiss'o
256 1723 371 1758 etiam
398 1733 505 1758 antea
520 1722 576 1771 so,
609 1724 741 1771 Camp.
766 1735 798 1757 c.
824 1723 929 1759 Vols.
957 1738 989 1760 ι.
1008 1733 1044 1757 2.
1061 1733 1095 1767 5.
1123 1726 1245 1758 Stoer.
1267 1724 1434 1763 Chouet.

93 1779 206 1814 Leid.
223 1777 348 1827 ·fu1[ffe
368 1778 550 1814 ubertates
573 1778 701 1814 Guelf.
759 1792 878 1813 rerum
914 1791 990 1815 om.
1019 1778 1147 1814 Guelf.
1180 1780 1279 1827 (qui
1308 1791 1346 1816 et
1372 1795 1436 1817 ηα-

96 1829 197 1884 bura)
226 1829 316 1870 cum
343 1834 461 1870 Goth.
519 1836 613 1869 inter
642 1835 778 1870 multos
809 1835 943 1882 Camp.
973 1846 1004 1871 c.
1037 1834 1123 1872 edd.
1154 1845 1241 1870 ante
1271 1836 1383 1872 Bam.

162 1899 246 1945 '24
275 1900 385 1949 Epic.
414 1903 452 1936 ἱη
473 1903 603 1950 primis
624 1914 692 1936 nos
715 1899 833 1938 Goth.
854 1901 952 1939 Jens.
974 1900 1073 1949 (tac.
1107 1900 1244 1946 Gesn.)
1279 1917 1311 1940 c.
1345 1906 1432 1943 edd.

94 1957 189 2008 post.
221 1969 305 1993 ante
335 1960 457 1993 Stoer.
488 1957 626 1993 ordine
656 1970 900 2006 nequaquam
929 1957 1168 2006 displicente.
1230 1974 1252 1995 a
1275 1959 1322 2009 [ο
1352 1960 1432 2010 ipso

95 2013 216 2051 Goth.
258 2027 289 2049 e.
329 2014 431 2051 Voss'.
467 2026 501 2049 1.
533 2024 568 2050 2.
604 2023 640 2058 5.
685 2016 792 2059 (non
825 2013 910 2049 Ald.
940 2025 984 2050 ut
1014 2015 1180 2062 Burm.)
1211 2015 1434 2066 velomſj'ime

95 2070 228 2106 Turic.
258 2069 362 2107 Flor.
392 2069 472 2113 (sed
500 2080 663 2118 uterque
694 2070 828 2116 velue.)
861 2070 991 2106 Ambr.
1016 2080 1050 2106 2.
1086 2071 1213 2108 Guelf.
1243 2073 1374 2122 Camp.
1397 2087 1429 2109 c.

95 2126 332 2163 Goth.V0'ss'.
351 2138 383 2160 ι.
396 2136 434 2161 et
447 2126 530 2161 edd.
550 2137 634 2162 ante
646 2127 737 2162 Bad.
756 2138 830 2161 acc.
845 2126 953 2163 Bam.
984 2129 1059 2162 Pro
1076 2127 1183 2171 jubeo
1202 2140 1329 2164 autem
1353 2131 1431 2165 Tu·

95 2182 164 2217 ric.
190 2183 306 2227 juvet,
334 2181 439 2218 Flor.
464 2184 575 2218 vivet.
608 2183 706 2217 Mox
727 2182 810 2231 sum
839 2185 876 2218 in
903 2183 1044 2229 volupe.
1078 2184 1210 2219 Turio.
1235 2184 1333 2233 sicut
1354 2188 1376 2220 ι’.
1394 2200 1430 2222 v.

95 2237 228 2288 Camp-
257 2238 374 2274 adhuc
385 2251 452 2273 nos
465 2239 597 2274 Turic.
628 2239 746 2275 adhuc
767 2252 832 2275 nos
859 2239 910 2275 ad
933 2240 1046 2276 Tarv.
1070 2251 1107 2276 et
1126 2240 1211 2276 edd.
1230 2241 1323 2290 post.
1343 2253 1431 2278 ante

149 2393 218 2429 25.
253 2384 316 2420 M.
349 2383 732 2434 Tullius—tfiatur.
791 2385 962 2422 nifefiius
984 2386 1028 2422 sit
1050 2387 1302 2435 praecedenti.
1332 2387 1378 2424 cf.
1394 2399 1432 2436 9,

92 2440 220 2478 Facile
254 2441 437 2478 succurrit
456 2443 732 2479 vv.DD.10·
791 2449 830 2488 4,
863 2449 929 2490 84.
987 2444 1034 2478 In
1057 2444 1196 2479 Pericle
1228 2455 1265 2480 et
1299 2445 1433 2480 Demo·

91 2509 158 2533 eut
178 2497 333 2533 Orator.
357 2511 388 2534 c.
414 2507 451 2542 5.
463 2497 550 2546 fate
533 2511 594 2534 eor
613 2512 668 2534 me
685 2518 729 2525 -—
781 2495 912 2546 sthene
930 2498 1119 2535 constabat
1138 2499 1216 2536 hoc
1233 2501 1432 2536 communi

89 2552 260 2604 atitnffe.
321 2555 394 2591 Sed
418 2567 503 2590 cum
520 2554 733 2603 frequenter
789 2554 911 2595 fama,
959 2555 1020 2590 sed
1049 2558 1173 2592 Cicero
1208 2557 1254 2592 de
1285 2558 1318 2592 se
1350 2557 1430 2606 ipso

91 2607 207 2647 dicat
227 2611 376 2652 noster,
429 2612 589 2659 requiro
621 2610 732 2659 plura
790 2612 955 2647 testatur.

90 2662 209 2711 huius
233 2667 478 2704 confeffionis
504 2667 599 2703 loca.
629 2669 733 2705 ,Ram
838 2667 1120 2718 se—fudiſj‘et.
1150 2668 1196 2707 cf.
1224 2680 1286 2709 ιι,
1305 2677 1342 2712 5,
1363 2674 1428 2714 34.

94 2731 222 2757 autem
250 2722 316 2758 hie
341 2724 478 2759 inserv
455 2735 501 2759 tt
533 2735 730 2759 transeun—

95 2774 147 2812 do
165 2778 211 2813 nd
228 2778 389 2828 aliquid,
403 2781 509 2829 quod
521 2781 637 2817 etiam
652 2794 730 2816 ma·
843 2789 908 2826 24.
939 2780 1137 2831 Epicurus.
1161 2783 1209 2819 cf.
1227 2793 1266 2825 2,
1286 2792 1350 2827 17,
1367 2788 1429 2827 ¹5·

154 2856 262 2894 Tom.
300 2858 372 2896 IV.
995 2860 1054 2905 L}
