1676 3028
223 182 315 227 170
534 170 608 215 M.
631 164 778 215 FAB.
815 171 1222 230 QUiNTlLIANI

217 294 365 342 libris
392 293 518 346 dicit
552 290 804 353 factitaffe.
882 293 942 343 Id
962 294 1144 344 Cicero
1181 293 1270 344 sua
1292 295 1399 360 ipse
1418 314 1534 361 per--v

217 368 341 418 sona
385 368 786 432 frequentissime
844 370 1117 431 praecipit:
1193 373 1322 434 quin
1381 374 1535 421 etiam
1607 377 1616 384 '

216 445 378 492 libros
398 445 626 492 Platonis
663 454 815 506 atque
837 443 1200 506 Xenophontis
1234 445 1398 493 edidit
1429 449 1532 495 hoc

215 536 403 584 genere
429 519 711 568 translatos.
785 518 845 565 Id.
871 516 1103 566 Melsalae
1141 519 1362 582 placuit:
1397 521 1534 568 mul-

217 605 400 657 taeque
431 592 551 641 sunt
585 594 646 640 ab
683 610 762 640 eo·
785 591 997 656 scriptae
1031 592 1095 639 ad
1133 594 1277 641 hunc
1311 593 1534 643 modum

219 671 510 718 orationes:
553 668 682 715 adeo
708 677 776 731 sut
808 668 961 714 etiam
994 684 1113 715 cum
1141 669 1232 716 illa
1252 668 1536 733 Hyperidis

215 760 312 808 pro
358 743 569 806 Phryne
612 741 914 790 difficillima
956 745 1206 791 Romanis
1256 743 1535 793 subtilitate

171 835 194 868 5
218 817 565 867 contenderet.
657 820 721 865 Et
756 816 1020 865 manifesta
1053 817 1124 865 est
1156 820 1534 868 exercitationis

212 894 429 953 hujusce
470 895 614 949 ratio.
694 893 833 939 Nam
871 903 922 940 et
951 910 1127 941 rerum
1175 896 1324 959 copia
1355 895 1536 942 Graeci

212 978 445 1018 auctores
471 967 760 1024 abundant,
802 979 851 1015 et
871 969 1165 1032 plurimum
1201 971 1322 1018 artis
1346 972 1403 1016 in
1426 970 1535 1018 elo-

211 1045 478 1109 quentiam
506 1043 823 1090 intulerunt:
885 1053 937 1090 et
967 1043 1064 1092 hos
1091 1038 1533 1101 transferentibus.

210 1119 386 1168 verbis
453 1119 534 1166 uti
592 1119 805 1182 optimis
865 1118 1008 1166 licet:
1085 1119 1330 1168 omnibus
1390 1120 1533 1167 enim

213 1270 419 1304 maximum.
575 1268 618 1302 ld
645 1269 781 1303 Cicero.
813 1268 944 1315 Camp.
977 1269 1126 1304 Idcirco.
1271 1269 1314 1303 Id
1333 1266 1530 1317 Meffalae.

210 1325 343 1360 Turic.
379 1326 414 1358 in
447 1324 511 1358 Μ.
543 1323 638 1358 Obr.
669 1322 769 1357 Idem
791 1323 853 1356 ,VW-
886 1324 981 1361 Jens.
1014 1324 1149 1358 Ilvffarco
1183 1325 1206 1358 i.
1228 1325 1291 1359 M.
1323 1337 1410 1358 cum
1447 1323 1530 1359 edd.

210 1389 295 1414 ante
323 1379 431 1415 Bafil.
455 1392 534 1413 exc.
567 1379 696 1425 Camp.
727 1378 771 1411 Id
799 1376 902 1412 Flor.
931 1380 967 1421 (a
986 1391 1042 1426 pr.
1063 1381 1137 1424 m.)
1159 1379 1316 1413 omittit.

292 1436 468 1469 Romanis
497 1453 551 1460 -—
578 1432 822 1467 contenderet.
873 1433 1003 1468 Turio.
1047 1447 1214 1467 romanus
1261 1432 1298 1478 (a
1328 1447 1383 1480 pr.
1417 1445 1532 1467 manu

209 1491 379 1532 romana)
407 1507 461 1515 -
480 1489 703 1522 contendere.

292 1554 329 1588 5.
371 1544 523 1588 hujusce.
573 1542 703 1577 Turio.
744 1545 782 1587 (a
813 1542 879 1577 sec.
909 1544 979 1586 m.)
1018 1543 1122 1586 hujus
1155 1541 1249 1591 effet.
1291 1543 1393 1584 Voff.
1429 1557 1463 1578 ι.
1495 1551 1532 1586 5.

265 1666 433 1702 Platonis
449 1683 491 1691 ·-
508 1663 718 1698 translatos.
763 1661 844 1696 Pla-

207 1721 309 1758 tonis
361 1720 517 1768 quidem
558 1719 760 1752 Timaeum
808 1727 845 1751 et

204 1781 450 1823 Protagoram
473 1800 484 1814 ,
573 1772 844 1820 Xenophontis

205 1843 329 1867 autem
356 1829 672 1866 Oeconomicum.
711 1826 844 1861 Ruhn-

204 1887 342 1923 kenius
371 1887 412 1920 in
438 1883 671 1934 prffefatione
692 1881 841 1916 Rutilio

203 1945 318 1990 Lupo
354 1940 551 1989 praemiffa
582 1952 619 1987 p.
653 1944 714 1980 18.
740 1936 842 1971 lacu-

204 2011 291 2032 nam
346 1996 472 2043 arguit
527 1994 568 2028 in
615 1993 691 2026 hoc
741 1990 840 2030 loco,

205 2064 424 2100 quanquam
478 2048 626 2085 nemini
673 2046 841 2081 animad-

202 2109 360 2147 versam,
375 2107 463 2154 quia
480 2118 559 2140 non
574 2102 745 2151 potu-erit
762 2113 842 2136 non

203 2163 276 2198 effe
317 2174 466 2196 memor
496 2162 567 2206 Qu.
601 2158 793 2192 verfarum
823 2169 842 2190 a

204 2218 388 2253 Cicerone
430 2217 648 2252 orationum
692 2211 844 2248 Aeschi-

201 2274 262 2308 nis
292 2284 327 2307 et
356 2270 626 2306 Demosthenis
665 2268 711 2303 de
740 2267 842 2302 causa

203 2328 473 2375 Ctesiphontis,
505 2325 568 2361 cui
601 2324 708 2372 operi
738 2335 843 2370 prae-

202 2383 320 2430 posita
340 2383 386 2418 de
415 2382 563 2430 optimo
592 2392 728 2427 genere
758 2390 840 2413 ora·

204 2449 333 2473 torum
407 2436 616 2485 disputatio
690 2433 839 2480 reliqua

202 2493 296 2528 facta
319 2493 379 2527 est.

258 2549 324 2583 illa
346 2548 546 2595 Hyperidis
559 2544 837 2593 ——subtt'litace.

203 2603 251 2638 ef.
289 2615 358 2641 10,
415 2616 458 2642 1,
501 2612 564 2643 77.
614 2600 683 2635 ubi
712 2599 836 2634 citatis

203 2659 427 2708 scriptorum
447 2656 542 2692 locis
563 2665 726 2705 apparet,
752 2653 835 2690 sub·

902 1662 1077 1699 tilitatem
1112 1665 1231 1711 magis
1263 1677 1376 1712 quam
1418 1663 1538 1698 robur

899 1717 1048 1754 laudari
1086 1720 1126 1754 in
1164 1719 1372 1767 Hyperide.
1433 1719 1538 1764 Quee

901 1773 964 1808 hic
996 1785 1150 1809 notatur
1188 1774 1229 1808 in
1264 1776 1439 1809 Romano
1464 1773 1536 1807 sei·-

900 1842 1015 1864 mone
1066 1829 1199 1864 talium
1237 1830 1429 1866 Venerum
1475 1828 1535 1861 in-

902 1886 1001 1932 opia,
1016 1897 1098 1919 eam
1121 1885 1225 1931 supra
1249 1897 1402 1931 quoque
1423 1882 1536 1931 signi-

899 1939 1032 1974 ficavit
1051 1939 1174 1974 noster
1198 1951 1259 1978 10,
1295 1953 1326 1980 ι,
1357 1951 1446 1974 ιοο.

942 2005 978 2037 5.
993 1994 1158 2028 omnibus
1169 2013 1220 2021 —
1233 1992 1373 2042 nostris.
1386 1995 1457 2035 „In
1474 1994 1533 2028 in-

897 2049 1193 2097 „terpretatione
1215 2063 1234 2085 e
1248 2050 1399 2086 Graecis
1423 2049 1533 2096 quid-

897 2105 1019 2152 „quid
1074 2104 1280 2140 verborum
1340 2104 1533 2139 bonorum

896 2159 1171 2200 „adhibeamus
1242 2159 1410 2195 nostrum
1469 2159 1532 2199 est,

898 2227 1038 2255 „nemo
1116 2215 1341 2263 occupavit,
1409 2213 1532 2250 libero

898 2270 1090 2311 „utimum
1136 2281 1173 2305 at
1201 2271 1243 2305 in
1272 2269 1390 2305 altero
1425 2281 1530 2305 exer-

899 2325 1119 2366 „citationis
1149 2338 1297 2372 genere,
1328 2336 1405 2372 quo
1435 2323 1530 2358 alio·

897 2393 1010 2420 „rum
1042 2379 1104 2414 vel
1127 2391 1324 2429 poetarum
1360 2377 1424 2413 vel
1448 2391 1529 2413 ora-

895 2446 1074 2476 „torum,
1132 2437 1391 2469 Romanorum
1445 2433 1529 2479 qui-

895 2490 1030 2530 „dem,
1102 2491 1221 2525 sensus
1262 2488 1347 2523 aliis
1380 2488 1528 2524 Latinis

894 2557 1104 2584 „conamur
1137 2544 1316 2582 reddere,
1371 2542 1530 2579 difficul-

893 2610 1034 2640 „tatem
1054 2613 1112 2634 res
1133 2599 1256 2638 habet,
1279 2612 1365 2633 cum
1386 2599 1530 2646 optima.

892 2655 997 2701 „jam
1014 2663 1194 2702 occupata
1211 2653 1321 2688 sium·
1334 2655 1529 2689 Gesnerus.
