1676 3028
279 223 376 272 594
429 252 433 257 .
590 214 663 260 Μ.
687 213 824 260 -ῈΑΒ,
860 213 1287 278 ρυΙΝΤιῌΑΝι,

201 349 252 387 80
275 337 473 387 ratione
511 335 886 393 demittuntur,
922 345 1012 383 aut
1046 338 1344 388 allevantur.
1419 338 1577 387 'Nari-
1618 384 1621 389 .

192 2012 197 2015 “
257 2018 277 2040 a
296 2006 318 2044 J
322 2007 392 2042 ens.
412 2017 496 2042 ante
512 2007 598 2043 Ald.
621 2009 798 2042 emunccio
820 2007 951 2043 Ambr.
970 2017 1006 2041 2.

270 413 367 461 bus
399 413 658 476 labrisque
697 428 806 459 non
849 409 957 458 fere
1004 396 1290 475 quidqu'am
1333 413 1575 474 decenter

270 483 618 543 ostendimus,
663 484 860 534 tametsi
903 485 1100 535 derisus
1132 488 1221 544 iis,
1269 499 1573 547 contemtus,

269 561 536 617 fastidium
561 559 843 625 significari
862 559 1003 610 solet.
1066 562 1196 609 Non
1219 571 1268 608 et
1293 578 1572 631 corrugare

270 634 442 693 nczt·es‚'
473 646 534 683 ut
559 638 804 685 Horatius
831 636 923 694 ait,
960 646 1011 683 et
1030 634 1239 693 inflare,
1276 647 1326 684 et
1344 654 1572 696 movere,

269 722 322 758 et
358 711 522 775 digito
553 712 870 775 inquietare,
909 721 959 759 et
992 709 1142 775 pulso
1185 710 1357 761 subito
1388 711 1573 778 spiritu

269 797 520 843 excutere,
557 797 608 834 et
627 786 872 835 diducere
898 785 1097 851 saepius
1114 823 1127 844 ,
1166 796 1216 834 et
1238 784 1390 851 plana
1414 803 1575 835 manu
1607 843 1614 849 ·

268 860 588 927 resupinare,
639 862 948 910 indecorum
986 860 1082 909 est:
1150 878 1271 911 cum
1308 863 1574 910 emunctio

267 938 421 984 etiam
453 935 779 1000 frequentior
804 955 913 986 non
931 935 1040 984 sine
1063 935 1206 987 causa
1231 935 1576 1001 reprehenda-

267 1021 366 1059 tur.
441 1013 606 1060 Labra
627 1023 677 1059 et
706 1014 1051 1076 porriguntur
1073 1012 1222 1068 male,
1262 1021 1310 1059 et
1330 1011 1573 1060 scindun-

267 1096 368 1145 tur,
408 1098 460 1135 et
483 1085 864 1152 astringuntur3
903 1098 953 1134 et
979 1086 1329 1146 diducuntur,
1368 1098 1418 1135 et
1447 1086 1574 1135 den-

348 1242 412 1280 8⁰·
453 1237 627 1271 decenter.
659 1236 787 1282 Turio.
821 1236 921 1272 Flor.
955 1236 1175 1271 decedentem
1208 1235 1390 1284 Florileg.
1422 1237 1570 1271 samen.

264 1293 326 1327 vix
352 1293 542 1340 quicquam
566 1303 636 1339 pro
667 1304 740 1326 non
754 1291 839 1338 fere
865 1292 1010 1341 quidqu.
1044 1293 1141 1326 Mox
1162 1305 1233 1339 pro
1254 1291 1382 1340 dirisus
1404 1293 1449 1325 iis
1467 1290 1570 1325 Flor-

265 1348 348 1381 dori
364 1345 436 1394 sui.
467 1347 597 1382 Ambr.
624 1355 659 1382 2.
694 1346 819 1383 Guelf.
853 1345 984 1394 derisui
1009 1359 1095 1382 cum
1117 1347 1219 1383 Voss'.
1244 1355 1280 1389 5.
1312 1345 1455 1393 derisim
1473 1344 1571 1383 Jens.

265 1402 378 1438 Tarv.
406 1401 532 1450 densus
553 1402 668 1437 Goth.
691 1406 787 1448 (tac.
813 1403 949 1448 Gesn.)
978 1402 1160 1437 Nostrum
1184 1401 1277 1441 Obr.
1300 1415 1318 1437 e
1341 1402 1572 1446 conjectura,

263 1457 333 1503 qui
350 1454 456 1504 quod
477 1457 522 1492 de
550 1457 616 1491 suo
637 1457 789 1503 subjici't
811 1459 963 1496 interim,
986 1469 1222 1503 nequaquam
1243 1457 1379 1504 probo.
1413 1454 1571 1502 Reliqui

263 1511 409 1558 derisus·
441 1513 540 1546 Mox
550 1511 730 1558 Florileg.
749 1514 894 1546 Santen.
917 1510 1091 1558 copulam
1109 1520 1144 1545 ec
1165 1521 1248 1546 ante
1270 1522 1434 1558 quatuor
1447 1510 1572 1558 prima.

261 1566 380 1601 verba
407 1566 614 1606 desiderat,
644 1567 726 1614 post
757 1568 954 1614 inquietare
980 1566 1131 1599 demum
1164 1579 1243 1600 eam
1275 1566 1479 1604 reducens,
1508 1563 1570 1599 sed

260 1621 438 1656 omittens
466 1621 571 1656 idem
603 1621 718 1656 veiha
751 1631 788 1656 ec
818 1621 893 1656 did.
914 1619 1017 1668 saep.
1036 1620 1136 1654 Mor.
1159 1621 1342 1656 A1nb1·.2.
1365 1619 1488 1654 Guelf.
1515 1621 1567 1653 in-

259 1678 411 1723 quitare.
637 1675 741 1724 pulso
763 1676 888 1724 subito
912 1675 1057 1723 spiritu.
1102 1677 1164 1710 Sic
1191 1677 1320 1712 Turio.
1349 1675 1448 1710 Flox.
1478 1687 1567 1710 cum

257 1730 727 1778 Alm.1mpulsossp1r1cu
750 1731 880 1778 Αιῑιὶη.
902 1741 936 1765 2.
959 1730 1084 1765 Guelf.
1115 1730 1271 1777 Reliqui
1293 1728 1566 1778 inzpuffufispi·

257 1787 377 1820 ritum.
409 1787 481 1820 Sed
504 1787 634 1833 Camp.
656 1796 690 1821 ec
708 1785 904 1834 pulso—r
887 1783 1026 1831 resupin
1006 1799 1064 1819 αιι
1065 1798 1092 1819 e
1112 1785 1270 1820 omittit.
1300 1786 1356 1819 de
1357 1786 1432 1818 luce
1416 1798 1471 1819 ore
1486 1785 1566 1818 Tu-

256 1841 326 1876 ric.
349 1840 449 1875 Flor.
472 1842 603 1876 Ambr.
620 1853 654 1876 2.
679 1841 803 1876 Guelf.
829 1841 944 1876 Goth.
967 1841 1062 1878 Jens.
1086 1843 1172 1885 (tac.
1192 1841 1318 1884 Gesn.)
1340 1848 1375 1874 er,
1397 1853 1440 1882 εις
1454 1839 1567 1887 plana

259 1909 307 1930 m.
328 1895 647 1944 resonare‘Turic.
669 1896 772 1931 Flor.
795 1909 880 1931 cum
900 1894 1000 1931 Alm.
1032 1895 1102 1929 nisi
1119 1895 1223 1942 quod
1243 1896 1332 1930 iude
1353 1901 1400 1930 ea'
1418 1907 1489 1942 pro
1507 1906 1565 1928 ex.

258 1951 371 1986 Tarv.
398 1953 573 1988 indecore.
595 1951 717 1987 Guelf.
747 1951 952 1999 frequenter
973 1963 1060 1985 cum
1082 1950 1197 1986 Goth.
1221 1950 1326 1989 Voff.
1348 1961 1386 2023 ξι.
1418 1960 1455 1986 et
1479 1949 1565 1986 edd.

338 2123 408 2162 θι.
435 2117 564 2153 Labra
585 2128 620 2154 ec
633 2119 878 2166 porriguntur.
898 2116 1028 2152 Turio.
1049 2116 1171 2152 labrae
1189 2118 1406 2163 porrigatur.
1429 2116 1569 2164 (lamp,

259 2173 284 2207 l.
319 2187 357 2220 p.
388 2173 464 2207 sine
496 2182 531 2208 et
562 2185 648 2209 cum
674 2175 795 2221 Kapp.
824 2171 1067 2220 astringuntur·
1093 2184 1241 2207 mecum
1263 2173 1393 2219 Camp.
1415 2181 1451 2206 et
1469 2181 1574 2206 vett,

261 2229 344 2264 edd.
370 2226 476 2263 MSS.
495 2228 571 2264 fele
590 2228 827 2264 inser-untD
847 2236 882 2262 et
902 2229 1079 2262 ducuntur
1100 2225 1564 2262 Tu1ic.Flo1·.cumAlm.

259 2293 295 2318 et
316 2285 439 2319 deduc.
466 2283 598 2320 Ambr.
622 2295 658 2319 2.
693 2282 818 2319 Guelf.
842 2284 972 2330 Camp.
996 2282 1089 2328 (hic
1117 2294 1209 2317 mox
1237 2291 1271 2317 et
1291 2276 1453 2331 omittit)
1475 2293 1564 2316 cum

259 2340 375 2375 Goth.
393 2352 423 2374 1.
439 2348 475 2373 2.
495 2334 596 2377 Voss'.
617 2353 648 2375 1.
665 2350 698 2376 α.
712 2348 748 2382 5.
769 2347 805 2373 et
825 2337 906 2373 edd.
927 2348 1010 2372 ante
1030 2338 1119 2373 Bad.
1140 2351 1181 2372 ac
1196 2338 1302 2386 plene
1320 2337 1448 2372 Turio.
1459 2335 1562 2371 Flor.

255 2405 299 2429 ut
326 2405 362 2430 et
390 2394 489 2430 infra
519 2398 553 2442 ᾗ.
577 2403 642 2441 35.
670 2395 802 2433 iidem,
835 2405 958 2441 eoque
987 2392 1074 2428 loco
1104 2403 1141 2428 et
1159 2393 1258 2428 Alm.
1281 2401 1317 2428 et
1335 2402 1420 2428 ante
1438 2390 1564 2425 dentes

312 2530 375 2567 80.
406 2534 445 2559 ut
466 2524 636 2560 Horatius
657 2525 722 2559 ait.
769 2522 881 2571 Epist.
936 2523 1068 2565 „dere,
1099 2523 1356 2571 equidemme
1374 2531 1453 2555 non
1474 2519 1559 2555 satis

259 2593 294 2620 ι,
321 2587 356 2622 5,
383 2589 446 2623 23.
936 2579 1104 2625 „affequi
1141 2578 1272 2612 fateor.
1320 2574 1557 2622 Cogitabam,

311 2642 374 2678 8¹·
433 2635 560 2670 Labra
585 2653 640 2661 —
658 2630 881 2680 scinduntur.
935 2647 1011 2674 „an
1031 2646 1108 2668 non
1119 2631 1239 2679 scindi
1257 2640 1394 2678 queant
1414 2630 1492 2665 dici
1506 2629 1560 2663 la-

256 2690 390 2739 „Quid
407 2690 471 2726 hic
483 2690 556 2726 [ibi
565 2688 660 2726 velit
669 2688 774 2724 labra
787 2688 883 2738 scin·
935 2688 1044 2730 „tn-a,
1064 2699 1149 2723 cum
1172 2699 1190 2721 a
1207 2685 1302 2723 forti
1321 2683 1562 2736 comprenso-
