1676 3028
403 150 568 196 1Nsr.
605 131 884 194 onnon.
921 147 1046 191 ΜΒ.
1081 147 1154 203 Χ,
1194 158 1240 201 5.
1406 157 1499 200 133

135 275 346 330 'Cestius
389 286 571 326 contra
621 274 895 325 Ciceronis
953 273 1219 321 actionem
1260 270 1498 321 habitam

141 373 242 423 pro
283 353 497 412 eodem,
548 370 671 402 cum
705 353 918 400 alteram
957 360 1161 416 partem
1194 348 1312 398 satis‘
1346 346 1494 396 noffe

140 450 255 483 non
289 429 454 498 poffet
484 447 548 478 ex
577 429 683 480 sola
714 426 1035 478 defenfione.

139 510 372 559 idoneus
393 508 494 557 erit
516 507 742 569 juvenis,
754 522 913 570 quem
934 515 1245 572 praeceptor
1265 505 1496 568 coegerit

141 587 203 636 in
225 585 571 634 declamando
594 601 753 649 quam
781 582 1116 632 simillimum
1138 579 1236 630 ess‘e
1267 581 1495 638 veritati,

143 674 197 712 et
221 680 317 728 per
337 673 470 712 totas
490 663 568 711 ire
600 662 870 710 materias:
914 677 1141 725 quarum
1175 676 1322 708 nunc
1343 655 1496 706 facil-

143 740 299 798 lima,
371 750 433 789 ut
494 740 724 787 maxime
791 735 1108 787 favorabilia
1183 736 1494 801 decerpunt.

145 815 362 866 Obstant
399 816 545 873 huie,
583 815 730 880 quod
766 814 1002 864 secundo
1029 815 1148 863 loco
1169 812 1342 879 posui,
1382 811 1495 861 fere

142 893 297 943 turba
333 891 750 958 discipulorum,
813 903 865 941 et
902 891 1235 942 consuetudo
1267 889 1497 940 claffium

227 1042 373 1093 Cestius.
421 1044 484 1081 Sic
507 1043 611 1081 Flor.
634 1057 722 1080 cum
745 1043 857 1080 Basil.
882 1046 1012 1082 tertius
1044 1043 1173 1080 Guelf.
1201 1046 1347 1080 Sextius
1372 1044 1495 1081 Goth.

138 1102 237 1142 Jens.
259 1104 349 1147 (tac.
372 1102 502 1145 Gesn.)
532 1115 622 1136 cum
642 1101 746 1137 Alm.
783 1101 849 1148 (cf.
874 1105 908 1149 §.
936 1114 952 1134 1
968 1104 1017 1145 ι.)
1054 1111 1092 1136 et
1117 1101 1202 1136 edd.
1223 1101 1382 1150 posterr.
1407 1112 1494 1137 ante

137 1157 251 1195 Basil.
270 1157 432 1207 Reliqui
452 1155 598 1205 Sestius.
618 1158 806 1194 Nostrum
823 1157 991 1206 probant
1012 1160 1271 1197 Burmannus,
1293 1158 1495 1198 Gesnerus,

138 1214 326 1251 Wolfius.
356 1214 532 1253 Vicissim
565 1217 620 1250 Μ.
653 1217 816 1250 Senecae
844 1214 906 1259 (in
934 1214 1053 1262 praef.
1089 1214 1158 1250 lib.
1182 1225 1219 1250 2.
1253 1216 1494 1258 Controvv.)

140 1271 318 1307 obtrusus
352 1268 495 1320 Cestius
517 1284 590 1319 pro
614 1272 765 1322 Sextio,
794 1270 1047 1306 monentibus
1078 1270 1225 1312 Fabro,
1261 1272 1423 1307 Schotto
1456 1282 1496 1308 et

137 1327 187 1362 ad
213 1328 388 1363 nostrum
422 1326 555 1363 locum
585 1329 822 1363 Burmanno.
1069 1325 1177 1375 satia
1218 1328 1350 1363 Turic.
1383 1327 1491 1364 Flor.

129 1382 220 1433 [ἱεὶςι
249 1396 337 1420 cum
370 1384 471 1420 Alm.
506 1383 578 1420 Ille
608 1398 627 1418 a
657 1385 726 1419 fec.
756 1397 809 1420 m.
840 1383 930 1424 litis,
962 1395 1000 1420 et
1034 1384 1084 1419 fic
1116 1384 1250 1432 Camp.
1283 1397 1373 1420 cum
1405 1384 1493 1420 Ald-

64 1484 67 1490 ¹
138 1440 315 1488 et’marg.
338 1441 430 1476 Bad.
454 1440 605 1489 Gryph.
623 1441 718 1475 item
740 1439 893 1488 aliquot
914 1440 1016 1489 apud
1038 1441 1173 1476 Burm.
1204 1441 1282 1475 Hic
1306 1441 1492 1479 nostrum.

226 1506 293 1532 21.
323 1506 448 1532 autem
477 1495 643 1534 idoneus.
690 1496 753 1532 Sic
785 1497 918 1531 Turio.
958 1495 1062 1532 Flor.
1098 1498 1231 1546 Camp.
1265 1510 1355 1533 cum
1386 1497 1491 1533 Alm.

135 1567 172 1590 a.
225 1567 236 1587 ι
263 1554 287 1588 ι’.
329 1552 457 1590 Guelf.
490 1565 578 1588 cum
612 1554 719 1592 Vols.
759 1565 791 1589 ι.
824 1562 860 1589 2.
895 1552 1014 1590 Goth.
1053 1554 1151 1591 Jens.
1183 1555 1299 1589 Tarv.
1331 1553 1495 1603 Reliqui

131 1624 169 1646 a.
185 1608 243 1660 sic
262 1611 287 1646 ι’.
549 1617 649 1646 totas
670 1612 732 1645 ire.
765 1610 901 1646 Turic.
933 1618 1013 1646 tota
1027 1608 1135 1659 scire,
1167 1624 1185 1645 a
1209 1611 1278 1646 sec.
1306 1624 1358 1647 m.
1393 1619 1494 1646 totas

127 1665 236 1716 scire,
276 1677 314 1702 et
343 1666 395 1702 [ic
423 1679 442 1700 a
474 1679 535 1715 pr.
567 1678 621 1701 m.
650 1666 753 1702 Flor.
990 1675 1032 1701 ιιε
1060 1669 1231 1703 maxime.
1263 1668 1327 1703 Sic
1357 1668 1495 1703 Tui-ic.

133 1721 239 1758 Flor.
272 1735 361 1758 cum
379 1722 484 1759 Alm.
515 1721 588 1759 Ille
617 1736 636 1757 a
669 1724 739 1759 sec.
770 1736 823 1759 m.
858 1732 926 1759 aut
948 1738 993 1760 m.
1027 1734 1065 1758 et
1098 1724 1149 1759 sic
1171 1725 1303 1773 Camp.
1333 1723 1494 1773 Reliqui

134 1787 173 1814 et
203 1791 252 1813 m.
537 1775 706 1827 Obstant.
757 1780 820 1816 Sic
850 1780 984 1815 Turio.
1021 1779 1127 1815 Flor.
1170 1780 1297 1816 Guelf.
1331 1780 1494 1829 Reliqui

134 1830 269 1882 obstat.
543 1835 638 1872 loco.
673 1836 736 1872 Sic
771 1837 904 1872 Turio.
936 1835 1041 1872 Flor.
1075 1835 1204 1873 Guelf.
1237 1838 1370 1886 Camp.
1403 1850 1495 1873 cum

138 1889 256 1926 Goth.
284 1891 390 1930 Voss'.
418 1903 454 1928 2.
482 1891 585 1928 Alm.
620 1894 753 1929 loann.
783 1892 944 1941 Reliqui
974 1893 1085 1929 libro.
1118 1893 1165 1928 cf.
1189 1906 1233 1935 1,
1271 1907 1334 1934 10,
1372 1901 1435 1939 ¹8·

217 1944 303 1994 fero
325 1949 433 1984 turba
453 1948 727 1997 discipulorum.
759 1949 893 1985 Tui-ic.
917 1948 1193 1999 Hor-*feretur
1214 1951 1251 1986 d.
1282 1950 1356 1985 Ille
1379 1964 1399 1985 a
1423 1950 1493 1986 see.

137 2015 192 2040 m.
215 2000 394 2050 fremitus
414 2006 648 2055 populorum.
679 2006 758 2041 Hic
775 2005 962 2046 nostrum,
985 2017 1030 2042 ut
1052 2017 1090 2042 et
1111 2005 1239 2042 Guelf.
1259 2019 1348 2042 cum
1373 2006 1494 2043 Goth.

1115 427 1291 478 Citius
1312 436 1491 474 autem
1515 445 1567 474 21
1620 453 1627 457 -

199 2123 347 2175 Cestius.
372 2129 508 2164 Homo
527 2128 604 2163 fuit
625 2129 790 2164 Graecae

140 2182 334 2231 originis,
366 2183 591 2220 rhetoricen
613 2184 790 2220 factitans

139 2241 310 2278 Romae,
341 2239 431 2287 qui,
461 2240 504 2275 id
536 2240 659 2288 ipsum
684 2241 791 2289 quod

139 2295 208 2330 hio
228 2295 271 2329 in
292 2294 510 2331 Miloniana
538 2297 642 2330 causa
664 2297 790 2332 feciffe

140 2362 340 2391 narratur,
398 2352 542 2388 solebat
596 2352 791 2401 rescribere

141 2406 401 2444 Orationibus
424 2409 636 2445 Ciceronis.
668 2409 790 2445 Testis

141 2463 194 2498 est
213 2465 353 2499 Seneca
381 2476 490 2513 pater
519 2478 557 2514 p.
580 2466 666 2514 Bip.
694 2475 789 2512 599,

140 2533 162 2555 a
185 2533 264 2568 quo
285 2531 323 2556 et
342 2521 509 2557 refertur
539 2523 577 2556 in
599 2523 792 2558 Milonem

140 2578 307 2614 recitans.
364 2579 538 2614 Eandem
589 2577 790 2627 Caligulae

143 2631 254 2667 fuifl‘e
321 2636 577 2671 temeritatem
659 2634 792 2684 prodit

145 2688 354 2726 Suetonius
385 2703 418 2726 c.
451 2699 527 2737 53,
570 2702 674 2728 recte
705 2703 790 2727 mo·

845 2139 962 2165 nente
985 2130 1146 2178 Capper.
1178 2129 1225 2164 cf.
1245 2127 1423 2177 Wolfius
1453 2128 1498 2164 in

846 2185 966 2232 praef.
988 2196 1156 2232 quatuor
1181 2185 1440 2227 orationibus,
1476 2199 1498 2220 a

848 2241 1076 2276 Marclando
1128 2242 1294 2282 notatis,
1353 2241 1500 2288 adjecta

846 2310 887 2345 p.
918 2306 983 2332 20.
1022 2297 1118 2332 item
1149 2310 1221 2332 nos
1251 2297 1295 2332 in
1326 2297 1496 2347 disputa-

847 2353 955 2388 tione
975 2353 1022 2388 de
1044 2352 1295 2388 Marcelliana
1321 2368 1359 2402 p.
1383 2360 1448 2402 54.

910 2421 977 2445 21.
1039 2409 1138 2459 quod
1195 2408 1361 2459 secundo
1415 2412 1498 2448 loco

845 2464 977 2515 posui,
1029 2466 1056 2500 i.
1078 2479 1110 2500 e.
1165 2479 1263 2516 „per
1309 2478 1408 2504 totas
1440 2469 1499 2503 ire

845 2523 1095 2563 „mate1·ias.“
1126 2522 1173 2558 cf.
1188 2533 1223 2566 7,
1237 2532 1275 2565 2,
1291 2534 1328 2571 9.
1362 2525 1501 2574 „quod

846 2579 990 2621 „tertio
1013 2578 1274 2628 loco-posui.“
1304 2592 1350 2629 9,
1382 2592 1428 2622 2,
1461 2579 1498 2616 6.

844 2636 969 2684 primo
990 2635 1015 2670 l.
1036 2633 1234 2684 posuimus.

905 2690 1128 2742 consuetudo
1138 2712 1194 2721 —
1210 2690 1496 2743 aestimantium.
