1676 3028
273 273 369 322 204
587 264 662 310 M.
699 266 830 310 ΕΑΒ.
869 266 1277 325 QUtNTthNt

271 390 404 437 bene
463 389 700 452 concepti
751 384 963 436 affectus
1024 400 1074 436 et
1131 404 1359 443 recentes
1413 398 1591 445 rerum

270 465 519 529 imagines
565 464 820 511 continuo
869 464 1071 527 impetu
1114 465 1381 527 feruntur,
1457 487 1590 535 quae
1660 492 1663 494 ·

268 555 654 601 nonnunquam
677 554 824 586 mora
846 537 949 585 stili
969 538 1319 604 refrigescunt,
1331 555 1381 592 et
1404 546 1588 593 dilatae
1619 564 1622 569 ¹

267 633 375 665 non
418 622 766 661 revertuntur.
843 615 1039 678 Utique
1079 632 1206 664 vero
1231 633 1362 667 cum
1405 620 1589 669 infelix

267 691 359 738 illa
387 688 671 736 verborum
704 688 963 738 cavillatio
994 690 1196 748 acceffit‚
1233 702 1284 740 et
1312 694 1594 744 cursus-acl.

267 764 471 828 lingula
505 762 718 827 vestigia
745 761 941 821 restitit,
980 782 1089 814 non
1119 767 1442 831 potestsferri
1467 786 1592 819 con-

269 850 402 888 torta
436 840 536 894 vis,
576 836 687 895 sed,
724 849 784 886 ut
821 841 1016 904 optime
1044 858 1236 890 vocum
1268 841 1590 908 singularum

268 914 415 962 cedat
435 914 637 976 electio,
672 931 781 962 non
803 916 1065 973 continua,
1091 915 1179 964 sed
1202 918 1482 983 composita
1502 919 1586 967 est.

197 1007 244 1042 15
268 994 439 1058 Quare
471 987 746 1054 capiendae
787 987 907 1038 sunt
938 991 1083 1048 illae,
1140 991 1205 1040 de
1235 994 1429 1057 quibus
1463 985 1588 1052 dixi,

266 1082 444 1114 rerum
486 1066 764 1128 imagines,
816 1081 942 1127 quas
990 1069 1167 1114 vocari
1184 1074 1469 1132 φαντασίας
1505 1070 1587 1116 in-

267 1140 583 1196 dicavimus,
643 1140 949 1204 omniaque,
1003 1140 1068 1188 de
1127 1145 1322 1206 quibus
1391 1143 1591 1191 dicturi

266 1217 462 1264 erimus
482 1251 496 1272 ,
535 1210 810 1284 personae,
847 1212 1190 1283 quaestiones,
1225 1214 1376 1288 spes,
1412 1229 1586 1275 metus,

263 1290 503 1339 habenda
546 1291 604 1337 in
645 1290 840 1346 oculis,
916 1292 974 1338 in
1017 1288 1228 1341 affectus
1275 1293 1583 1367 recipienda.

262 1371 447 1415 Pectus
483 1363 555 1413 est
587 1366 758 1421 enim,
805 1365 952 1428 quod
982 1364 1196 1416 disertos
1232 1366 1378 1423 facit,
1423 1378 1472 1415 et
1505 1369 1588 1416 vis

260 1442 463 1490 mentis.
544 1439 774 1503 Ideoque
808 1441 1063 1505 imperitis
1094 1459 1323 1506 quoque,
1361 1439 1590 1492 simodo

259 1516 381 1565 sunt
443 1515 620 1577 aliquo
690 1511 879 1561 affectu
943 1516 1208 1572 concitati,
1257 1518 1414 1564 verba
1473 1535 1590 1576 non·

260 1645 416 1695 quentia
434 1657 503 1693 pei·
525 1641 823 1691 extemporalem
846 1643 1030 1691 impetum
1063 1644 1140 1679 fusa
1162 1646 1242 1684 sint,
1272 1646 1462 1682 divinitus
1484 1647 1589 1683 diota.

257 1701 524 1750 perhibentur.
753 1697 902 1744 affectus
932 1707 978 1733 et.
1022 1699 1152 1734 Turio.
1191 1700 1360 1747 adfectet.
1402 1715 1422 1736 a
1440 1702 1507 1738 sec.
1529 1715 1584 1739 m.

258 1757 415 1804 (reficto
437 1755 550 1789 etiam
570 1753 688 1788 modo
720 1756 910 1799 concepto)
937 1754 1074 1800 affectu
1094 1755 1155 1789 acl.
1383 1770 1477 1804 quae,
1493 1771 1585 1793 non-

257 1824 441 1858 nunquam
466 1822 580 1845 mora.
618 1808 748 1842 Turio.
779 1807 882 1842 Flor.
919 1807 1003 1854 <hic
1037 1822 1056 1842 a
1083 1822 1140 1856 pr.
1171 1813 1241 1853 m.)
1282 1811 1466 1848 omittunt
1492 1825 1583 1849 cum

255 1866 359 1902 Alm.
580 1860 723 1910 restitit.
755 1862 849 1898 Obr.
881 1861 1023 1912 refifiit.
1052 1863 1190 1900 Placet:
1217 1865 1263 1900 cf.
1293 1878 1352 1907 ιο,
1386 1876 1423 1910 5,
1461 1880 1522 1915 ¹9·

334 1917 604 1968 ferrri.Tu1·ie.
635 1917 738 1953 Flor.
772 1918 851 1963 (sed
872 1918 936 1952 hic
957 1932 976 1952 a
996 1920 1062 1954 sec.
1083 1932 1134 1954 m.
1166 1915 1206 1955 αῘ
1220 1918 1326 1966 ferri.
1358 1922 1405 1956 cf.
1426 1931 1463 1966 5.
1485 1924 1581 1959 item

262 1974 564 2020 1o,1‚109.)
597 1973 724 2009 Guelf.
757 1973 852 2019 fieri
879 1985 968 2008 cum
989 1973 1091 2009 Alm.
1114 1973 1212 2022 furti
1240 1977 1338 2013 Jens.
1377 1991 1464 2012 cum
1493 1978 1579 2013 edd.

251 2031 410 2080 posterr-
439 2038 523 2063 ante
541 2027 628 2064 Ald.

343 2086 554 2135 15.Quare
574 2085 782 2131 capiendae.
803 2083 934 2120 Tuiic.
964 2086 1002 2128 (a
1024 2097 1081 2133 pr.
1095 2079 1222 2135 m.)s1
1239 2099 1369 2134 quare
1388 2087 1578 2135 capienda.

335 2141 579 2176 indicavimus.
613 2139 744 2187 Camp.
775 2139 933 2174 diximus
961 2153 1048 2175 cum
1070 2139 1181 2174 Bodl.
1210 2140 1331 2175 Andr.

334 2195 496 2243 affectus.
538 2194 663 2230 Guelf.
698 2193 900 2243 affectibus.
940 2195 1070 2231 Turic.
1111 2194 1278 2242 adfectis.

329 2250 418 2300 sunt
448 2250 584 2296 aliquo.
623 2250 754 2286 Turio.
785 2247 867 2297 sint
897 2250 975 2285 alio
1011 2264 1093 2300 quo.
1133 2249 1235 2285 Flor.
1267 2248 1348 2299 sint:
1374 2264 1409 2286 a.

309 2364 449 2403 dilatae
469 2373 543 2398 non
563 2369 800 2398 revertuntur.
841 2359 889 2395 cf.
943 2361 1008 2395 Est
1041 2362 1140 2396 enim
1173 2369 1356 2395 contortus
1383 2362 1428 2396 in
1451 2360 1577 2398 laude.

258 2432 320 2460 ιο,
352 2427 388 2462 3.
411 2427 505 2452 extr.
945 2417 1098 2451 Ferendi
1137 2415 1300 2451 verbum
1334 2415 1424 2452 vide
1465 2416 1577 2453 etiam

310 2473 442 2522 infelix
502 2473 570 2508 illa
598 2491 653 2499 —
684 2471 888 2507 cavillatio.
945 2471 992 2506 ad
1020 2483 1055 2518 9,
1086 2477 1122 2514 4,
1159 2477 1217 2515 ¹8·

253 2530 300 2566 οἱ.
334 2541 395 2569 ιο,
424 2537 461 2571 5,
498 2539 558 2563 10.

303 2582 442 2631 restitit.
474 2583 519 2618 cf.
546 2592 627 2617 not.
645 2581 731 2617 crit.
1009 2588 1072 2623 ¹5·
1104 2580 1149 2615 de
1180 2580 1306 2628 quibus
1331 2579 1420 2616 dixi.
1470 2581 1516 2618 cf.
1540 2588 1578 2626 8,

301 2639 397 2688 ferri
421 2645 587 2674 contorta
611 2638 677 2672 vis.
709 2635 891 2671 Imitatur
947 2644 994 2679 5,
1045 2634 1108 2681 64.
1167 2637 1265 2670 Item
1302 2647 1376 2675 ιι,
1426 2645 1472 2679 5,
1511 2636 1577 2673 62.

252 2697 479 2732 Ciceronem
518 2692 558 2726 in
598 2703 643 2727 eo
678 2691 747 2738 qui
781 2691 890 2739 [upra
950 2701 1023 2730 12,
1080 2702 1151 2730 ιο,
1207 2689 1245 2726 6.
1303 2690 1578 2728 demonstrante

250 2750 396 2800 potitus
429 2748 497 2787 est,
545 2746 634 2781 loco
668 2758 712 2793 9,
745 2751 793 2788 4,
823 2752 886 2790 56.
946 2746 1121 2782 Gesnero.
