1676 3028
380 215 553 266 1Ns-T.
591 215 869 263 ORATOR.
904 213 1026 260 Lm.
1064 213 1162 276 Χῖ,
1194 224 1240 268 3.
1378 222 1480 274 407

125 341 247 404 {llis
271 342 494 408 quidem
523 341 707 402 tensis,
744 343 841 408 qui
864 338 1020 408 I'upra
1044 339 1181 389 sunt.
1258 340 1478 388 Interim
1498 353 1553 393 99

125 421 359 471 „extremi
390 422 621 487 palmam
655 422 788 470 eirca
822 420 928 468 ima
961 417 1173 485 pollicis
1211 428 1477 483 premunt,

136 495 250 563 'ipse
281 498 552 564 prioribus
588 498 655 547 ad
688 495 1171 547 mediosarticulos
1210 495 1475 560 jungitur:

136 574 355 623 interim
389 587 610 640 quartus
647 575 866 641 oblique
894 574 1197 640 reponitur3
1256 572 1477 620 interim

137 661 370 715 quatuor
407 652 619 704 remiffis
660 653 826 719 magis
863 669 1021 718 quam
1053 647 1235 708 tensis,
1280 649 1478 718 pollice

134 727 283 789 intus
326 730 581 781 inclinato
600 768 616 790 ,
691 731 924 780 habilem
970 725 1379 778 demonstrando
1418 724 1479 774 in

134 804 301 866 latus,
340 818 432 858 aut
463 806 881 874 distinguendis,
921 823 1057 873 quae
1087 804 1331 863 dicimus,
1368 820 1479 852 ma-

131 898 270 932 num
298 881 550 943 facimus,
591 903 715 935 cum
737 884 928 952 supina
953 885 1012 932 in
1032 880 1301 932 sinistrum
1321 882 1478 939 latus,

130 974 302 1024 prona
330 960 390 1010 in
423 962 648 1012 alterum
679 962 865 1012 fertur.
945 963 1080 1010 Sunt
1110 970 1162 1008 et
1181 960 1264 1008 illi
1285 959 1474 1008 breves
1486 954 1558 997 ¹06·

128 1033 330 1100 gestus,
380 1054 504 1087 cum
545 1055 737 1089 manus
778 1039 970 1088 leviter
1010 1036 1260 1102 pandam,
1300 1036 1474 1100 qualis

127 1115 450 1166 voventium
473 1114 562 1175 est,
601 1117 779 1184 parvis
801 1115 1116 1172 intervalli8‚
1143 1123 1194 1162 et
1214 1109 1477 1163 subaffen-

217 1267 283 1305 99.
312 1259 474 1296 Interim.
501 1260 564 1296 Sic
585 1260 720 1298 Turio.
742 1259 847 1296 Flor.
863 1259 998 1296 Ambr.
1015 1268 1051 1296 2.
1075 1257 1205 1296 Guelf.
1228 1257 1362 1306 Camp.
1384 1269 1475 1293 cum

126 1308 231 1349 Alm.
261 1315 377 1353 Bern.
416 1316 576 1366 Reliqsui
604 1317 863 1366 praemittunt
893 1318 1001 1357 Duo,
1045 1315 1153 1364 quod
1194 1314 1332 1350 eodem
1359 1313 1475 1353 redit,

125 1365 191 1403 sed
210 1382 282 1406 nec
305 1383 402 1419 opus
421 1384 502 1409 erat
521 1384 558 1409 et
572 1373 789 1423 anaphorae
809 1373 937 1422 figura
959 1373 1002 1407 in
1023 1374 1154 1414 fronte
1176 1372 1324 1406 interim
1345 1369 1474 1418 posce-

127 1421 203 1460 bat.
232 1440 343 1462 unam
365 1429 515 1476 pollicis
533 1431 632 1468 Jens.
652 1431 768 1466 Tarv.
810 1430 897 1465 Post
917 1443 1027 1478 quam
1048 1429 1238 1464 omittunt
1265 1425 1371 1475 tensis
1393 1425 1474 1460 Tu-

123 1480 194 1515 ric.
214 1481 319 1518 Flor.
341 1495 431 1518 cum
447 1485 551 1522 Alm.
787 1482 1073 1533 demonstrando
1098 1486 1135 1519 in
1155 1484 1267 1519 latus.
1298 1484 1386 1518 Hoc
1410 1494 1474 1517 or·

126 1535 218 1572 dine
249 1538 382 1575 Turio.
413 1540 520 1578 Flor.
553 1541 682 1579 Guelf.
707 1541 838 1590 Camp.
878 1540 1039 1590 Reliqui
1060 1543 1083 1577 ι’.
1106 1541 1130 1577 l.
1154 1541 1192 1576 d.

240 1592 519 1644 distinguendis.
562 1599 626 1635 Sic
653 1599 787 1636 Turic.
814 1598 920 1634 Flor.
949 1598 1085 1634 Ambr.
1104 1607 1139 1631 2.
1173 1595 1302 1633 Guelf.
1335 1595 1470 1644 Camp.

125 1661 218 1685 ΘΗΜ
245 1651 363 1687 Goth·
394 1654 500 1693 Voss'.
540 1670 575 1691 1.
605 1656 642 1692 ’2.
672 1657 789 1691 Bern.
824 1654 987 1704 Reliqui
1007 1651 1279 1703 distinguendo·
1319 1652 1475 1687 Mirum

125 1707 235 1755 quod
253 1721 302 1743 ex
312 1708 414 1746 Alm.
430 1711 598 1747 refertur
614 1710 909 1760 demonstrandis
928 1720 996 1747 aut
1015 1709 1274 1760 distinguendo
1287 1709 1352 1755 (cf.
1367 1705 1470 1756 97.).

215 1797 308 1822 ιοο.
340 1791 565 1824 voventium.
596 1790 730 1825 Turio.
753 1789 978 1837 fomentium
1008 1802 1099 1825 cum
1131 1789 1233 1824 Alm.
1263 1786 1378 1823 Bodl.
1420 1787 1473 1821 Et

125 1838 232 1877 Flor.
262 1854 333 1890 per
363 1845 641 1894 compendium
663 1843 820 1894 Ῑοιῆεἰιῖ.
853 1846 988 1882 Ambr.
1013 1855 1049 1881 2.
1078 1845 1197 1881 Goth.
1229 1844 1330 1883 Jens.
1369 1841 1471 1891 (tac.

127 1897 259 1945 Gesn.)
270 1897 483 1944 foventium
504 1914 593 1937 cum
608 1903 713 1941 Vols.
731 1917 765 1939 1.
780 1914 815 1939 2.
832 1913 869 1947 5.
892 1913 929 1938 et
950 1902 1035 1937 edd.
1048 1901 1204 1950 posterr.
1219 1910 1305 1935 ante
1318 1897 1470 1947 Gryph-

125 1950 227 1998 (exe.
258 1954 369 1991 Basil.
400 1957 470 2005 qui
498 1958 746 2000 vomentium,
777 1959 820 1994 in
852 1971 944 2008 quas
975 1958 1101 1994 sordes
1130 1958 1252 1998 forte,
1283 1966 1328 1991 ut
1345 1956 1470 2002 spero,

125 2009 296 2058 incidit)
326 2024 402 2046 acc.
435 2013 534 2051 Obr.
561 2014 774 2064 faventium
804 2014 933 2052 Guelf.
962 2015 1056 2051 Exc.
1085 2016 1237 2051 Santen.
1282 2011 1470 2048 Nostrum

123 2065 203 2112 jam
222 2067 266 2101 in
287 2067 420 2117 Camp.
448 2070 495 2106 cf.
515 2071 548 2116 §.
572 2072 636 2117 68.
663 2075 822 2108 maxime
843 2073 966 2109 altera
982 2070 1086 2119 facie
1106 2084 1198 2118 pace
1221 2084 1251 2106 e.
1272 2082 1306 2118 q·
1330 2067 1470 2102 (limiae

123 2122 260 2160 Turio.
281 2123 392 2160 FIor.
406 2134 495 2177 apte
515 2128 649 2178 Camp.
687 2131 749 2164 Ex
767 2129 871 2165 Alm.
901 2142 948 2164 m.
971 2128 1092 2164 altera
1103 2126 1208 2176 facie
1229 2134 1321 2176 apta
1342 2137 1466 2175 parce.

184 2259 275 2282 100.
305 2247 435 2286 leviter
452 2252 634 2299 pandecta.
671 2252 767 2288 Non

121 2301 316 2346 alienum,
350 2308 458 2354 quod
486 2308 553 2343 hic
583 2319 768 2344 annotare

123 2357 276 2396 vallam
304 2362 450 2399 Badius
481 2365 620 2405 refert,
665 2363 768 2400 illud

124 2413 278 2456 Curtii,
330 2439 355 2456 2,
369 2420 526 2468 copidas
576 2421 769 2458 vocabant

117 2468 302 2519 „gladios
335 2472 466 2508 leviter
498 2488 667 2512 curvatos
697 2476 768 2511 fal-

118 2526 262 2574 „cibus
285 2527 472 2565 similes.“
502 2531 691 2566 Pandatur
703 2545 769 2566 au-

126 2592 204 2618 tem
232 2597 390 2627 manus,
441 2599 543 2628 cum,
579 2598 769 2636 quantum

125 2636 217 2675 fieri
233 2641 364 2689 potest,
387 2655 628 2684 recurvatur,
651 2645 705 2679 ita
726 2654 770 2680 ut

127 2695 270 2734 cavitas
291 2698 479 2746 quaedam
499 2700 571 2736 fiat
591 2701 633 2736 in
656 2712 768 2749 tergo

129 2751 225 2799 ejus,
254 2765 334 2790 nou
355 2756 399 2790 in
417 2755 520 2794 vola.
553 2757 695 2807 Neque
719 2757 771 2794 est

825 2253 934 2302 quod
973 2265 1063 2287 cum
1096 2251 1263 2287 Gesnero
1305 2258 1468 2291 metuas,

825 2308 1060 2345 contrariam
1080 2309 1152 2344 effe
1174 2307 1333 2351 manum
1350 2303 1468 2341 talem

816 2364 964 2415 supinis
989 2364 1083 2404 illis,
1113 2364 1257 2412 quibus
1280 2373 1372 2398 vota
1393 2359 1466 2395 [ol-

824 2421 969 2457 lemnia
1025 2421 1194 2457 fiebant:
1266 2414 1466 2454 recurvari

826 2478 932 2513 enim
947 2477 1068 2526 potest
1096 2489 1231 2511 manus
1262 2475 1375 2509 etiam
1406 2471 1466 2507 su-

824 2533 930 2582 pina,
962 2532 1001 2567 h.
1030 2546 1063 2567 e.
1080 2532 1189 2579 cujus
1209 2529 1299 2566 vola
1321 2528 1468 2564 sursum

824 2590 987 2637 [pectam
1027 2601 1153 2636 neque
1183 2587 1271 2628 hic,
1313 2596 1357 2621 ut
1387 2584 1468 2633 ipse

827 2645 1003 2681 observat
1026 2645 1213 2680 Gesnerus
1227 2667 1238 2682 ,
1267 2640 1469 2678 sollemnia.

825 2712 920 2736 vota
985 2700 1134 2738 indicat
1190 2698 1469 2750 Quintilianus.

825 2759 1000 2795 Buoenz.
