1676 3028
299 244 398 293 160
618 243 691 289 M.
725 243 856 289 FAB.
895 243 1303 303 QUINTILIANI

299 384 356 415 ac
386 366 566 415 refecti
598 368 842 416 venimus
860 402 875 422 ‚
940 365 1200 432 optimum
1231 364 1411 413 secreti
1439 379 1618 429 genus.
1662 390 1665 397 ,

227 456 278 495 28
304 443 404 491 Sed
435 442 702 491 silentium
739 452 788 488 et
817 438 1058 500 secessus,
1116 451 1166 487 et
1204 440 1443 505 undique
1486 439 1620 487 liber

176 518 178 521 ’
301 520 530 575 animus,
584 527 644 564 ut
677 515 798 565 sunt
812 516 1054 568 ,maxime
1097 515 1349 580 optanda,
1408 517 1479 563 ita
1510 531 1621 562 non

298 591 499 657 semper
548 590 758 656 poss'unt
819 592 1156 655 contingere:
1232 590 1458 654 ideoque
1510 605 1622 637 non

298 667 490 726 statim,
539 667 583 714 si
610 667 742 730 quid
778 665 1058 730 obstrepet,
1095 665 1372 726 abjiciendi
1416 664 1619 713 codices

298 754 481 800 erunt,
521 752 573 790 et
607 741 961 806 deplorandus
1002 740 1141 790 dies:
1199 757 1388 789 verum
1422 741 1622 788 incom-

296 818 469 867 modis
500 816 929 882 repugnandum,
990 827 1040 864 et
1068 817 1156 864 liic
1183 814 1453 863 faciendus
1482 812 1622 870 usus,

296 904 358 941 ut
398 895 605 950 omnia,
642 909 775 957 quae
809 891 1123 956 impedient,
1181 892 1355 938 vincat
1382 890 1621 938 intentio.

297 986 457 1034 quam
486 968 529 1016 si
563 979 669 1018 tota
704 979 878 1016 mente
907 969 964 1015 in
1001 983 1133 1031 opus
1155 965 1326 1031 ipsum
1358 965 1622 1019 direxeris,

296 1045 435 1092 nihil
470 1061 680 1100 eorum,
720 1060 852 1106 quae
887 1043 1053 1092 oculis
1089 1043 1176 1088 vel
1213 1042 1426 1090 auribus
1445 1042 1623 1088 incur-

223 1130 275 1171 29
299 1118 432 1175 sant,
478 1119 541 1167 ad
593 1120 829 1167 animum
873 1119 1158 1183 perveniet.
1236 1119 1319 1164 An
1363 1132 1491 1180 vero
1519 1113 1623 1162 fre-

293 1205 516 1259 quenter
556 1195 711 1243 etiam
742 1192 960 1242 fortuita
997 1193 1099 1241 hoc
1128 1192 1372 1255 cogitatio
1394 1188 1623 1255 praestat,

294 1280 355 1318 ut
376 1270 563 1318 obvios
585 1286 695 1318 non
718 1268 1004 1324 videamus,
1017 1278 1066 1315 et
1088 1269 1274 1315 itinere
1295 1266 1621 1314 deerremus:

295 1361 406 1394 non
439 1344 821 1410 consequemur
849 1343 1021 1401 idem,
1092 1341 1134 1390 si
1162 1353 1212 1389 et
1260 1340 1621 1391 voluerimus?

383 1501 446 1539 28.
476 1493 628 1542 ιιι-[απτ.
660 1494 791 1529 Turic.
822 1495 860 1538 (a
879 1493 944 1528 sec.
964 1494 1035 1536 m.)
1068 1493 1198 1539 Camp.
1230 1489 1367 1539 quaest

378 1552 431 1585 ita
452 1563 536 1586 non.
569 1549 699 1584 Turic.
722 1548 823 1584 Flor.
847 1549 975 1595 Camp.
997 1562 1032 1581 n.
1059 1549 1082 1581 ι’.
1105 1546 1214 1582 male.
1409 1545 1622 1592 impedient.

290 1605 353 1640 Sic
384 1605 513 1640 Turie.
547 1604 650 1639 Flor.
686 1603 810 1639 Guelf.
844 1604 973 1650 Camp.
1007 1603 1104 1639 Jens.
1136 1606 1222 1643 (tac.
1255 1600 1383 1644 Gern.)
1415 1612 1503 1635 cum
1535 1599 1620 1636 edd.

290 1670 375 1695 ante
408 1659 556 1707 Gryph.
587 1672 666 1694 exc.
699 1659 791 1693 Bad.
822 1658 980 1705 Reliqui
1011 1658 1222 1705 impediunt.
1251 1658 1311 1691 Ex
1325 1655 1424 1691 Alm.
1454 1655 1557 1693 Voff·
1586 1668 1620 1690 1.

282 1716 379 1750 affei
384 1725 451 1750 unt
471 1716 690 1761 impediant.

378 1781 442 1816 29.
473 1770 534 1805 An
557 1783 653 1806 vermo
688 1770 818 1805 Turio.
846 1770 884 1813 (a
910 1769 979 1805 sec.
1004 1769 1075 1811 m.)
1105 1767 1158 1801 At
1179 1781 1211 1801 υ.
1234 1762 1320 1801 Ald.
1343 1764 1451 1800 Bafil.
1473 1763 1622 1811 Gryph-

293 1825 455 1869 (1536.)
486 1824 546 1860 An.
578 1838 662 1865 non,
695 1825 872 1860 suadente
898 1824 1034 1872 Regio.
1066 1823 1138 1858 Sed
1167 1822 1250 1869 post
1277 1835 1360 1856 vero
1392 1820 1564 1854 inserunt
1585 1816 1623 1866 si

293 1880 443 1928 Gryph.
484 1881 642 1924 (1544.)
683 1880 813 1928 Steph.
1083 1877 1295 1926 frequenter
1324 1877 1448 1911 etiam.
1490 1874 1618 1910 Τηνία.

293 1938 334 1980 (a
353 1937 419 1970 sec.
441 1937 513 1979 m.)
545 1934 580 1982 f.
603 1944 640 1970 el:
662 1949 689 1970 e.
737 1937 867 1983 Camp.
905 1934 941 1981 f.
967 1949 1010 1969 ac
1031 1948 1061 1969 e.
1103 1933 1148 1968 cf.
1172 1939 1207 1975 5,
1239 1942 1274 1971 2,
1307 1940 1345 1974 3.

370 1990 543 2037 fortuita.
575 1991 703 2027 Turio.
731 1990 833 2026 Flor.
862 1990 943 2031 (hic
969 2003 988 2023 a
1008 2003 1066 2036 pr.
1090 1992 1158 2027 m.)
1183 1986 1362 2033 fortuitu.

377 2046 444 2081 hoc
489 2047 680 2092 cogitatio.
742 2045 858 2081 Goth.
890 2045 986 2082 Jens.
1017 2044 1108 2092 (tac.
1139 2041 1264 2085 Gesn.)
1305 2041 1435 2088 Camp.
1475 2039 1562 2074 haee
1589 2053 1618 2073 c.

291 2114 381 2136 cum
419 2102 503 2136 edd.
536 2111 619 2135 ante
642 2101 732 2135 Bad.
755 2100 864 2136 male.
1095 2100 1222 2133 itinere
1247 2096 1459 2130 deerremus,
1489 2095 1622 2130 Turio.

287 2156 394 2192 Flor.
443 2158 497 2191 ita
527 2170 680 2190 erremus
717 2169 803 2191 cum
822 2155 924 2191 Alm.
981 2156 1015 2190 A
1037 2155 1104 2189 [ec.
1136 2165 1250 2187 manu
1281 2152 1410 2186 Turio.
1442 2153 1495 2185 ita
1525 2163 1619 2184 erra-

290 2225 380 2247 mus.
412 2210 539 2247 Guelf.
570 2213 622 2246 ica
643 2225 687 2246 ne
705 2225 734 2247 e.
768 2224 856 2246 cum
876 2211 978 2249 Voss.
999 2219 1036 2253 3.
1066 2211 1178 2245 Bern.
1208 2207 1279 2242 nisi
1307 2205 1411 2254 quod
1430 2205 1474 2240 hi
1490 2205 1620 2251 juncta

349 2348 413 2386 28.
444 2343 592 2377 nonlicet.
634 2339 747 2375 Plane
775 2355 847 2390 pro
875 2355 931 2377 co·
987 2340 1052 2375 bus
1076 2339 1217 2387 faciem
1207 2337 1261 2374 dis
1308 2339 1342 2383 ᾗ.
1372 2343 1409 2379 3.
1443 2333 1620 2381 facienda

290 2399 346 2432 dic
351 2397 435 2437 illis,
466 2411 553 2444 pugt
546 2397 628 2430 irlla
632 2396 720 2435 [Imus
739 2398 785 2432 cf.
808 2400 841 2444 ᾗ.
864 2407 928 2440 32.
977 2396 1108 2443 forma
1132 2406 1192 2432 10,
1223 2392 1260 2432 6,
1292 2400 1329 2434 3.

288 2451 417 2499 quales
441 2453 524 2486 sunt
547 2453 647 2499 apud
668 2451 838 2487 Plinium
859 2452 883 2487 l.
896 2465 927 2487 c.
1042 2461 1105 2498 29.
1134 2450 1195 2484 An
1223 2459 1308 2483 vero
1327 2464 1380 2473 —
1399 2459 1472 2481 non
1498 2442 1616 2492 conse·

287 2507 533 2541 instrumenta
553 2506 695 2543 laboris
731 2518 926 2555 extempo-
983 2520 1139 2554 quemur
1172 2504 1217 2538 cf.
1245 2502 1287 2540 6,
1326 2512 1369 2540 2,
1409 2510 1472 2543 30.
1523 2500 1616 2534 item

288 2560 390 2597 ralis.
981 2563 1060 2598 Cic.
1097 2572 1168 2609 pro
1200 2557 1357 2592 Rabirio
1384 2555 1490 2604 Ροιᾶ.
1522 2565 1552 2589 c.
1578 2561 1612 2596 5.

979 2618 1066 2658 „An
1097 2627 1190 2650 vero
1224 2614 1350 2647 servos
1381 2610 1528 2646 nostros
1560 2626 1614 2635 -

337 2671 532 2718 faciendus
551 2671 782 2720 usus.Simili
803 2671 921 2706 modo
977 2685 1075 2711 „nos
1124 2681 1253 2717 nequev
1295 2685 1350 2694 --
1390 2677 1513 2714 neque
1561 2682 1614 2690 --

285 2726 350 2762 hic
366 2726 491 2774 facere
523 2727 673 2766 dicitur,
702 2727 809 2762 utin
838 2728 923 2762 viri-
978 2730 1169 2774 ‚.neque.“
