1696 3016
301 205 464 251 1NsT.
516 202 795 249 ORATOR.
841 202 963 247 Lm.
1010 201 1083 259 x,
1133 214 1174 246 1.
1349 216 1408 262 17

9 379 11 381 ,
59 329 264 386 :mansos
294 347 351 379 ac
386 345 553 395 prope
573 326 885 393 liquefactos
909 326 1261 388 demittimus,
1297 346 1409 394 quo

55 408 268 458 facilius
293 407 640 473 digerantur,
681 406 751 453 ita
780 406 935 454 lectio
958 422 1070 454 non
1093 406 1279 465 cruda,
1318 406 1410 456 sed

57 487 226 545 multa
273 484 551 534 iteratione
597 482 802 531 mollita
850 494 900 530 et
952 483 1103 533 velut
1153 483 1408 543 confecta,

47 563 345 612 'memoriae
364 560 758 624 imitationique
781 559 1028 608 tradatur.
1079 562 1152 608 Ac
1174 560 1272 610 diu
1292 578 1407 611 non

60 636 155 688 nifi
189 640 426 704 optimus
460 638 711 702 quisque,
762 647 813 684 et
842 636 939 702 qui
974 635 1277 686 credentem
1309 637 1405 687 fibi

56 716 280 765 minime
324 713 497 771 fallat,
548 713 805 778 legendus
838 712 936 771 est,
979 712 1069 762 sed
1104 714 1404 780 diligenter,

59 810 117 841 ac
147 809 313 859 paene
346 791 412 840 ad
440 789 704 839 scribendi
726 789 1149 840 solicitudinem:
1187 809 1284 840 nec
1308 809 1406 858 per

55 881 227 936 partes
261 867 425 917 modo
460 866 736 917 scrutanda
774 869 982 926 omnia,
1026 866 1110 916 sed
1141 870 1404 934 perlectus

54 945 398 1010 liberxutique
419 961 481 992 ex
506 945 714 1008 integro
739 943 1100 1002 resumendus,
1121 948 1404 1011 praecipue

55 1023 251 1080 oratio,
290 1025 441 1082 cujus
475 1021 698 1069 virtutes
727 1015 1036 1086 frequenter
1061 1037 1125 1069 ex
1144 1021 1404 1075 industria

54 1115 271 1165 quoque
313 1098 658 1148 occultantur.
747 1099 909 1164 Saepe
947 1099 1402 1165 enimpraeparat,

53 1175 356 1235 diffimulat,
393 1174 669 1225 insidiatur
702 1185 906 1233 orator,
945 1191 1110 1241 eaque
1141 1176 1201 1225 in
1231 1177 1404 1243 prima

52 1340 212 1367 tuentur
239 1330 372 1366 Tui-ic.
407 1327 511 1366 Flor.
542 1324 704 1378 Reliqui
735 1338 773 1364 et
806 1327 884 1363 hoc
914 1340 1171 1377 corrumpunt
1190 1330 1233 1366 in
1254 1330 1401 1366 indica-

51 1386 195 1424 tivum.
257 1388 303 1422 In
332 1387 560 1421 demittimus
587 1384 883 1435 praepofitionis
905 1386 928 1420 I
946 1385 1116 1421 litteram
1141 1386 1231 1421 dant
1254 1387 1338 1423 Mss'.
1364 1396 1403 1423 et

53 1444 179 1479 excufi
199 1454 284 1479 ante
306 1442 457 1491 Gryph.
680 1439 837 1490 mansos.
898 1442 1032 1477 Turic.
1057 1442 1094 1487 (a
1117 1455 1176 1490 pr.
1203 1444 1276 1485 m.)
1307 1456 1405 1478 men-

42 1497 124 1550 sae.
182 1498 287 1535 Flor.
324 1500 373 1544 (a
405 1503 464 1548 pr.
497 1498 579 1542 m.)
626 1497 774 1546 menses.
998 1499 1207 1534 iteratione.
1267 1499 1401 1535 Turio.

51 1555 155 1591 Flor.
179 1554 307 1591 Guelf.
337 1555 560 1590 alteratione
591 1567 680 1589 cum
703 1553 804 1589 Alm.
828 1552 904 1589 Pal.
928 1554 1052 1589 Gebh.
1072 1555 1142 1602 qui
1161 1554 1402 1591 vocabulum

50 1611 219 1647 miri-fiee
241 1610 498 1660 amplectitur,
530 1621 632 1646 recte
661 1611 860 1659 castigatus
882 1624 901 1644 a
923 1611 1161 1652 Burmanno,
1191 1610 1402 1646 artificium

50 1668 232 1717 propriae
274 1667 318 1703 in
355 1666 462 1703 hisce
502 1666 549 1702 ad
591 1667 700 1703 cibos
731 1666 989 1716 spectantibus
1022 1667 1211 1703 orationis
1240 1667 1402 1703 demon-

50 1724 198 1761 sti-ante.

138 1791 202 1817 20.
225 1779 326 1831 fibi.-
370 1779 503 1815 Turic.
525 1777 563 1828 (a
582 1791 639 1827 pr.
660 1780 732 1821 m.)
762 1777 864 1813 Flor.
878 1777 971 1828 five.
1185 1777 1401 1828 scrutanda.

1428 577 1480 604 20

1425 1117 1475 1144 21

51 1837 186 1877 Turio.
211 1836 316 1874 Flor.
348 1835 389 1884 (a
420 1849 476 1884 pr.
506 1849 559 1871 m.
591 1837 734 1883 uterq.)
756 1834 950 1882 scrutcmdi
969 1848 1059 1871 eum
1079 1834 1182 1871 Alm.
1198 1834 1401 1884 scrutando
1424 1876 1428 1880 ‚

50 1893 182 1930 Guelf.
366 1894 574 1940 praecipue.
631 1892 694 1926 Sic
718 1891 851 1926 Turic.
878 1890 1006 1927 Guelf.
1030 1892 1163 1941 Camp.
1187 1905 1277 1928 cum
1299 1891 1400 1928 Alm.

51 1945 173 1986 Goth.
194 1949 302 1988 Voff.
327 1960 363 1986 2.
386 1959 423 1984 et
452 1948 537 1983 edd.
563 1959 647 1983 ante
670 1946 778 1982 Bafil.
809 1946 971 1996 Reliqui
991 1950 1271 1999 praecipueque.

137 2015 204 2041 21.
233 2004 445 2057 distimulet,
467 2003 659 2055 insidiatur
681 2012 814 2041 orator,
839 2017 962 2052 eaque.
995 2004 1126 2040 Turio.
1141 2004 1243 2039 Flor.
1263 2007 1402 2052 (quan-

48 2075 167 2112 quam
194 2062 262 2098 hic
289 2062 457 2112 primam
486 2073 626 2097 vocem
654 2073 736 2095 non
766 2060 923 2096 videtur
945 2064 1126 2105 mutare)
1158 2059 1403 2110 diffimilatim

751 2173 830 2219 jam
869 2169 1085 2219 fignificatu
1116 2171 1312 2221 usurpant.
1353 2171 1400 2207 cf.

754 2230 829 2277 Qu.
862 2240 908 2262 ιι
925 2254 935 2267 ,
957 2235 1002 2269 5,
1031 2238 1093 2274 ²9·

49 2172 100 2210 ef.
125 2182 163 2214 2,
188 2178 224 2216 4,
251 2181 314 2216 ¹3·
344 2173 416 2209 ubi
435 2171 539 2208 Flor.
558 2172 694 2209 Ambr.

51 2237 91 2266 2.
149 2236 408 2271 retractatam,
467 2228 603 2265 Ambr.
658 2242 694 2264 ι.

51 2292 260 2322 metatam.

84 2370 91 2377 γ.
107 2342 335 2390 digerantur.
393 2342 577 2378 Potestate
611 2355 696 2377 con-

49 2392 229 2446 coquendi
248 2410 330 2433 non
340 2398 497 2447 quidem
514 2398 693 2439 labentis,

49 2453 113 2489 red
144 2454 373 2490 recentioris
405 2455 455 2490 est
477 2454 692 2495 latinitatis,

49 2509 158 2558 quod
174 2510 349 2559 primum
369 2510 526 2547 videtur
546 2512 588 2545 in
608 2511 696 2545 den-

51 2565 149 2600 tibus
179 2565 310 2601 cibum
332 2567 584 2615 digerentibus
609 2567 636 2602 i.
660 2579 693 2602 e.

48 2620 315 2659 minuentibus
366 2623 512 2658 dictum
525 2647 535 2663 ‚
586 2621 696 2658 velut

49 2676 150 2713 Plin.
181 2678 232 2714 H.
260 2679 312 2715 N.
350 2691 421 2720 11,
455 2688 518 2723 57.
570 2679 595 2714 [-
626 2678 693 2713 61.

51 2733 191 2768 Seneca
213 2743 339 2770 tamen
359 2746 397 2771 et
419 2735 547 2772 celsus
564 2733 694 2771 nostro

111 2788 218 2835 Tom-
247 2788 316 2828 IV.

808 2294 874 2319 20.
898 2281 1086 2330 scribendi
1105 2281 1400 2331 solicitudinem.

751 2340 846 2376 Non
885 2351 985 2387 opus
1022 2340 1243 2386 corrigente
1274 2338 1401 2374 Loch-

750 2408 893 2431 manno
915 2393 1131 2443 scribentis,
1177 2407 1401 2442 quanquam

752 2452 829 2488 hoc
857 2453 983 2501 ipsum
1013 2452 1056 2486 in
1081 2450 1402 2500 interpretatione

750 2509 866 2558 ponit
896 2507 1137 2543 Melanthon.

807 2565 1003 2614 praecipue
1029 2566 1151 2600 oratio
1182 2573 1249 2604 „et
1275 2563 1398 2598 maxi-

750 2635 840 2664 „me
880 2623 906 2656 fi
944 2619 1046 2656 liber
1080 2619 1149 2655 illc
1189 2621 1234 2654 fit
1273 2620 1400 2655 oratio

751 2677 969 2726 „quaedam
1007 2676 1102 2712 clari
1139 2675 1306 2722 alicujus
1334 2688 1399 2724 pa-

751 2734 926 2776 .‚t1·oni.“
955 2733 1114 2768 Gesner.

922 2790 954 2824 B
