1676 3028
271 218 368 275 264
583 219 657 264 M.
689 219 820 265 ΕΑΒ.
855 219 1262 281 0111ΝΤ1ῌᾼΝ1

270 341 550 399 1111101000,
588 342 734 406 quod
767 340 838 388 est
857 338 973 387 sane
1009 338 1236 388 summae
1257 340 1580 400 difficultatis,

273 414 620 475 adjiciendum
651 417 874 471 videtur,
916 415 1108 478 quibus
1138 415 1309 465 modis
1338 432 1412 473 ea,
1449 433 1579 479 quae

271 488 390 538 sunt
426 501 606 539 natura
648 508 832 556 parum
876 488 1123 554 speciosa,
1198 507 1436 555 *quaeque
1471 508 1583 540 non

273 564 471 621 dicere,
512 565 554 612 si
575 566 883 613 utrumlibet
904 563 1021 612 effet
1038 566 1293 623 liberum,
1332 563 1585 628 11101111Πο-

271 656 415 693 mus,
481 658 591 689 11011
634 651 804 689 tamen
847 640 948 688 sint
992 640 1238 689 indecora
1279 641 1582 688 dicentibus.

203 725 249 762 61
277 714 419 780 Quid.
448 714 756 781 asperiorem
789 717 977 763 habere
1010 714 1236 764 frontem
1266 714 1458 780 potest,
1498 725 1587 763 aut

275 788 407 852 quid
437 807 584 857 aures
613 783 894 839 hominum
921 792 1080 854 magis
1115 790 1388 856 respuunt,
1432 806 1586 855 quam

275 881 396 912 cum
452 865 522 912 est
561 865 695 923 »filio
747 865 916 914 filiive
965 865 1223 927 advocatis
1270 868 1328 914 in
1372 866 1588 913 matrem
1651 911 1658 919 ,

273 941 665 1003 perorandum?
727 941 1022 1005 Aliqua-ndo
1066 952 1237 991 tamen
1276 939 1468 989 necesse
1498 932 1588 996 est,
1631 951 1641 956 “

273 1026 333 1062 ut
366 1017 421 1062 in
459 1016 602 1065 causa
627 1019 858 1066 Cluentii
888 1017 1087 1065 Habiti:
1126 1016 1214 1064 sed.
1245 1034 1354 1064 nou
1388 1015 1588 1079 semper

271 1090 362 1137 illa
395 1092 503 1148 via,
550 1109 652 1156 qua
682 1103 855 1140 contra
894 1090 1087 1141 Saffiam
1120 1093 1301 1141 Cicero
1333 1089 1454 1140 usus
1488 1088 1585 1137 est:

271 1181 381 1213 non
401 1168 524 1229 quia
543 1185 651 1215 11011
676 1169 765 1214 ille
787 1169 998 1232 optime,
1033 1166 1121 1214 sed
1153 1168 1274 1228 quia
1295 1166 1588 1230 plurimum

201 1243 252 1281 62
273 1239 454 1297 refert,
498 1259 597 1305 qua
621 1244 678 1289 111
697 1259 753 1289 re
780 1253 829 1289 et
851 1259 958 1305 quo
982 1241 1142 1290 modo
1162 1241 1340 1288 laedat.
1410 1244 1588 1302 Itaque

270 1315 386 1371 illa,
426 1333 546 1367 cum
576 1316 677 1364 fflii
716 1327 868 1380 caput
895 1318 1064 1382 palam
1094 1318 1446 1381 impugnaret,
1479 1314 1589 1362 sor-

270 1389 391 1437 titer
421 1390 526 1439 fuit
552 1393 862 1457 repellenda.
939 1395 1064 1441 Duo
1096 1403 1282 1449 tamen,
1322 1407 1454 1455 quae
1482 1389 1589 1439 sola

360 1560 591 1610 dfficultatis
611 1584 665 1598 -ι-
685 1564 768 1614 effet
785 1583 840 1591 --·
861 1564 1109 1614 maluzſj‘emus.
1145 1565 1273 1600 Turio.
1315 1561 1517 1612 difficultas
1534 1581 1590 1590 —

273 1617 343 1666 effe
367 1620 459 1662 (hoc
484 1632 569 1654 cum
591 1620 707 1660 Flor„
737 1635 871 1668 pum„
891 1622 1020 1660 Goth„
1042 1632 1110 1656 tac·
1135 1621 1255 1661 Gefn„
1278 1621 1426 1668 Camp.)
1454 1638 1508 1646 -—
1537 1621 1591 1653 in-

270 1671 506 1722 valuiffemus.

358 1730 420 1764 61.
446 1728 584 1775 filiive.
614 1730 675 1764 Sic
699 1743 830 1768 omnes
858 1732 936 1766 mei
966 1742 1002 1766 et
1031 1732 1159 1780 scripti
1192 1742 1227 1767 et
1258 1730 1380 1766 excusi
1410 1730 1475 1774 (de
1494 1728 1612 1767 Jens.'

271 1794 342 1819 tac.
373 1784 499 1830 Gesn.)
545 1795 628 1820 ante
665 1786 773 1821 Leid.
816 1789 921 1834 cujus
953 1799 1120 1822 errorem
1155 1787 1295 1834 filiisve
1332 1794 1591 1834 propagarunt

273 1838 374 1874 Gibs.
403 1840 532 1874 Burm.
565 1840 722 1888 capper.
976 1842 1114 1877 Habiti.
1145 1843 1190 1878 cf.
1214 1848 1249 1885 4,
1281 1850 1317 1882 2,
1356 1840 1414 1877 16.
1445 1840 1590 1887 Aspira-

272 1894 419 1928 tionem
439 1905 476 1928 et
495 1896 525 1928 B
545 1894 708 1930 litteram
731 1908 861 1931 omnes
883 1897 1036 1943 quidem
1065 1898 1157 1933 libri
1179 1898 1278 1938 mei;
1308 1906 1345 1931 et
1362 1893 1524 1931 Beckius
1544 1895 1592 1930 ad

274 1949 355 1984 Cic.
383 1951 487 1983 suum
508 1950 740 1996 praefatione
760 1952 909 1986 testatur
930 1952 1024 1987 cod.
1046 1967 1087 1999 χ.
1111 1954 1152 1987 111
1175 1965 1228 1987 or.
1250 1964 1320 1999 pro
1344 1950 1427 1986 Clu.
1448 1950 1591 1996 semper

275 2004 452 2038 Habitum
475 2005 582 2044 da1·e;
613 2006 704 2040 item
727 2006 772 2040 ad
796 2006 959 2041 frontem
982 2009 1165 2043 orationis
1185 2007 1296 2054 ipsius
1322 2005 1411 2043 Vol.
1434 2015 1469 2048 5.
1488 2017 1525 2052 p.
1554 2013 1589 2049 5.

275 2059 346 2093 ubi
360 2061 519 2106 suspicor
540 2060 689 2094 nullum
709 2061 803 2096 eod.
826 2062 1038 2100 inventum,
1062 2063 1129 2111 qui
1147 2063 1305 2098 Aviturm
1334 2060 1449 2096 Nihil
1477 2071 1593 2107 agunt

276 2114 474 2150 Manutius
498 2125 533 2149 et
550 2117 759 2152 Lambinus
787 2118 834 2152 ad
849 2117 999 2152 Lucret.
1028 2131 1064 2165 p.
1094 2129 1182 2165 179.
1214 2130 1300 2152 cum
1329 2115 1525 2152 videamus
1549 2115 1592 2150 in

276 2169 409 2204 Inscrr.
443 2170 617 2205 Habitum
648 2185 684 2219 p.
716 2172 824 2208 Grut.
857 2180 947 2218 295.
989 2186 1064 2220 quo
1104 2184 1141 2207 et
1167 2172 1348 2208 Graevius
1387 2170 1508 2205 utitur
1545 2171 1591 2206 ad

275 2225 444 2260 nostrum
467 2226 508 2260 in
528 2226 606 2261 Cic.
630 2227 824 2268 tuendum,
844 2237 880 2262 et
899 2228 1067 2272 ejusdem
1089 2228 1250 2275 originis
1270 2227 1425 2264 nomina
1442 2238 1478 2273 p.
1498 2225 1590 2270 678,

280 2289 342 2322 15.
372 2281 599 2321 Habendum,
628 2295 664 2330 p.
695 2289 793 2325 732,
826 2292 861 2326 5.
893 2283 1104 2319 Habentem.
1138 2285 1360 2330 Quanquam
1382 2282 1484 2316 Aviti
1510 2282 1593 2316 sunt
1659 2278 1664 2284 ’

275 2334 457 2383 plurimi,
497 2348 565 2371 nec
596 2351 702 2372 error
733 2338 972 2385 infrequens,
1021 2339 1128 2374 velut
1156 2340 1243 2381 Tac,
1273 2335 1406 2372 Annal.
1430 2349 1492 2375 11,
1526 2343 1591 2379 55.

280 2399 342 2432 15,
363 2398 425 2434 54.
452 2395 549 2427 Mox
569 2392 727 2427 alterum
747 2407 887 2428 nomen
909 2393 1001 2430 libri
1020 2395 1098 2428 mei
1117 2393 1280 2436 simplici
1301 2395 1324 2428 S
1343 2392 1432 2426 dant
1449 2390 1592 2439 Sasiam

277 2457 360 2481 ante
395 2447 541 2496 Gryph.
587 2454 711 2495 1544,
767 2449 839 2483 nisi
880 2450 984 2497 quod
1013 2450 1144 2485 Turic-
1181 2448 1284 2485 nulla
1325 2446 1487 2486 mentio.
1515 2455 1517 2459 ’
1544 2445 1593 2481 cf.

257 2505 326 2546 14,
360 2511 396 2543 2,
433 2511 521 2547 105.
1084 2517 1086 2519 ·

336 2645 399 2682 60.
431 2630 711 2696 asperioremss-
724 2648 902 2697 frontem.
1014 2648 1077 2684 6i.
1107 2647 1253 2688 laedat,
1291 2657 1410 2683 mater
1433 2646 1519 2687 illa,
1549 2646 1592 2682 in

279 2701 324 2738 cf.
349 2710 384 2745 4,
417 2716 449 2743 1,
480 2710 545 2749 42.
577 2705 641 2740 hic
661 2709 694 2753 §.
716 2711 782 2750 85.
961 2717 1074 2753 quam
1097 2703 1271 2739 dicimus.
