1676 3028
315 189 477 236 INST.
515 186 789 233 ORATOR.
826 182 945 230 1213ss
981 185 1067 240 xl,
1104 195 1150 228 ρ.
1186 193 1229 238 3.
1338 194 1432 240 329
1519 208 1533 217 ,

111 323 270 383 quem
293 332 465 364 unum
488 316 625 378 iutra
652 330 848 362 annum
868 310 1064 377 optime
1086 309 1328 357 locutum
1340 306 1439 356 esse

109 391 309 443 Persice
330 391 556 441 constat:
597 391 685 440 vel
706 387 1040 438 Mithridates
1057 422 1072 443 ,
1114 386 1202 434 cui
1225 385 1355 434 duas
1385 395 1439 433 et

110 463 307 535 viginti
346 470 582 535 linguas,
634 476 766 532 quot
798 463 1103 514 nationibus
1134 462 1438 527 imperabat,

87 541 335 595 ⁴traditur
367 556 517 596 notas
546 542 723 594 fuiss'e:
782 543 870 591 vel
902 537 1103 591 Craffus
1144 540 1235 588 ille
1273 539 1439 597 clives,

109 625 222 689 qui,
257 640 380 671 cum
405 621 549 671 Aliae
566 617 834 688 praeeffet,
870 619 1107 684 quinque
1133 614 1445 664 Graeciser·

108 700 284 750 :monis
307 695 625 748 differentias
648 695 717 745 [ic
738 696 935 752 tenuit,
976 705 1050 752 ut,
1085 710 1189 757 qua
1210 695 1441 757 quisque
1482 714 1485 716 ·

113 775 258 842 apud
290 793 414 825 eum
450 777 632 840 lingua
663 771 985 841 postulasset,
1024 770 1206 819 eadem
1229 773 1312 831 jus
1342 768 1441 818 sibi

88 852 381 902 ‘redditum
412 850 602 900 ferret:
642 852 730 900 vel
763 852 965 915 Cyrus,
1005 863 1164 913 quem
1198 847 1444 896 omnium

110 930 347 979 militum
379 925 597 976 tenuiffe
624 927 889 975 creditum
916 925 988 973 est
1015 926 1245 974 nomina.
1297 925 1441 993 Quin
1463 935 1514 973 5ι

110 1004 268 1054 semel
299 1002 511 1053 auditos
543 1003 834 1067 quamlibet
851 1003 1051 1050 multos
1074 999 1251 1049 versus
1277 1001 1445 1066 proti-

109 1089 214 1131 nus
245 1079 442 1129 dicitur
461 1076 750 1128 'reddidisse
782 1077 1121 1127 Theodectes.
1180 1077 1444 1126 Diceban-

110 1168 201 1206 tur
238 1158 394 1206 etiam
428 1173 574 1206 nunc
608 1153 732 1214 elle,
771 1155 868 1219 qui
904 1153 1160 1211 facerent,
1196 1151 1286 1202 sed
1305 1154 1443 1203 mihi

110 1229 413 1299 nunquam,
463 1243 524 1282 ut
552 1232 661 1299 ipse
694 1229 1011 1289 intereffem,
1051 1231 1300 1296 contigit:
1350 1226 1443 1279 ha·-

109 1307 283 1359 benda
306 1320 480 1376 tamen
500 1309 636 1359 fides
664 1307 736 1356 est
756 1309 844 1358 vel
867 1308 926 1356 in
944 1308 1074 1366 hoe,
1106 1317 1181 1365 ut,
1216 1308 1312 1373 qui
1335 1324 1446 1356 cre-

113 1385 326 1445 diderit,
359 1398 411 1435 et
431 1385 612 1452 speret.
645 1443 660 1451 ε

222 1510 308 1570 111‘.
346 1522 708 1570 Pronzcncz'atio
738 1535 766 1566 a
793 1519 1059 1584 plerisque
1077 1520 1209 1568 actio
1233 1518 1445 1578 dicitur,

113 1595 201 1646 sed
221 1597 370 1664 prius
389 1612 587 1647 nomen
611 1614 639 1645 a
664 1612 811 1654 voce,
832 1594 1054 1663 sequens
1076 1614 1105 1644 a
1126 1595 1273 1663 gestu
1295 1596 1446 1646 vide-

201 1747 265 1786 50.
279 1742 352 1788 ⁴jus
363 1739 448 1790 sibi.
478 1741 539 1777 Sic
551 1739 946 1778 Tu1·ic.Flor.Ambr.
969 1749 1005 1775 2.
1032 1739 1159 1777 Guelf.
1180 1740 1445 1791 camp-Goth.

114 1797 212 1836 Jenf.
229 1797 460 1846 (tac.Gesn.)
473 1811 561 1832 cum
582 1798 665 1833 edd.
687 1809 772 1833 ante
782 1792 931 1845 Gryph.
953 1795 1113 1844 Reliqui
1126 1795 1202 1845 sibi
1222 1799 1289 1840 ius.
1321 1797 1445 1833 Modo

114 1853 174 1888 vel
193 1864 277 1888 ante
299 1851 442 1902 Craffus
461 1854 590 1889 Turio.
617 1854 787 1894 omittit,
812 1856 907 1887 mox
928 1867 1000 1901 qua
1022 1853 1153 1900 Camp.
1178 1863 1263 1890 ante
1284 1855 1446 1902 quisque,

115 1910 198 1958 post
226 1909 331 1944 idem
359 1910 459 1957 apud
487 1909 617 1948 Guelf.
658 1908 895 1957 Transponit
921 1909 1051 1956 Camp.
1089 1909 1183 1944 cred.
1217 1905 1266 1955 esc
1298 1906 1449 1958 tenuiſj'e

115 1979 213 2001 nom.
239 1965 478 2014 expeditiore
508 1966 706 2002 structura.
758 1966 831 2016 Qui
858 1977 929 2012 pro
956 1965 1054 2015 Quin
1081 1963 1184 2001 Flor.
1209 1967 1253 2007 (a
1277 1966 1344 2000 sec.
1367 1966 1450 2007 111.)

116 2021 242 2057 Guelf.
276 2021 472 2056 Dicebatur
503 2022 630 2058 Guelf.
663 2035 749 2057 cum
773 2021 873 2061 Voss'.
902 2034 934 2055 1.
961 2019 1056 2056 Obr.
1116 2022 1191 2056 Pro
1223 2023 1331 2055 eciam
1359 2018 1452 2055 minc

116 2077 249 2113 Turic-
274 2079 308 2112 ei
328 2086 393 2112 aut
415 2091 518 2117 nunc,
539 2077 642 2114 Flor.
664 2086 699 2112 et:
718 2086 793 2118 auc,
816 2090 835 2111 a
860 2077 929 2112 sec.
951 2089 1004 2116 m.
1030 2079 1141 2112 etiam
1163 2076 1298 2118 solum,
1320 2078 1454 2125 Camp.

117 2143 369 2181 transponens
393 2135 503 2168 etiam
533 2133 745 2168 dicebantur
775 2147 848 2168 nec.
873 2132 991 2168 Goth.
1012 2134 1110 2171 Jens.
1133 2134 1221 2177 (tac.
1243 2132 1375 2182 Gesn.)
1405 2131 1453 2167 D.

118 2191 230 2225 etiam
262 2187 332 2238 effe
363 2204 465 2224 nunc.
522 2190 598 2225 Pro
628 2190 718 2225 mihi
743 2203 927 2236 nunquam
955 2190 1086 2225 Turio.
1108 2188 1211 2224 Flor.
1235 2189 1329 2234 (hic
1355 2190 1455 2237 a'pr.

120 2246 204 2291 m.)
225 2258 495 2293 nonnunquam.
521 2245 653 2281 Turio.
675 2244 845 2294 intereſj'e.
869 2245 986 2280 Goth.
1011 2246 1238 2290 (tac.Gesn.)
1263 2243 1455 2294 inter-effen.

123 2300 250 2337 Guelf.
273 2314 340 2349 ego
358 2314 429 2350 pro
451 2299 538 2349 ipse.
580 2304 654 2336 Pro
676 2304 837 2348 contigit:
857 2299 1026 2336 habenda
1038 2301 1171 2338 Turic.
1195 2301 1455 2348 cogitabunda,

58 2367 60 2369 ’
121 2357 226 2394 Flor.
251 2359 299 2402 (a
319 2370 379 2406 pr.
404 2359 483 2401 m.)
514 2359 614 2406 cogit
634 2358 666 2393 Iz.
691 2358 821 2405 Camp.
852 2357 944 2392 nihil
963 2370 1036 2405 pro
1067 2359 1104 2392 in
1124 2358 1201 2392 hoc.
1220 2358 1317 2396 Jens.
1339 2358 1455 2392 Tarv.

112 2422 164 2449 ,uc
184 2413 380 2449 omittunt.
401 2413 517 2449 Goth.
539 2412 730 2463 pluralem
753 2411 1165 2462 crediderint-sperent,
1193 2413 1260 2462 qui
1276 2412 1412 2462 placet.

204 2492 408 2540 Inscriptio
436 2493 568 2542 capitis
589 2491 809 2528 uncialibus
830 2491 971 2527 litteris
994 2493 1130 2542 scripta
1154 2491 1296 2541 legitur
1314 2492 1356 2526 in
1377 2492 1456 2527 Tu-

121 2547 191 2588 tic.
212 2547 345 2591 Ambr.
369 2560 427 2590 2.,
450 2549 581 2585 eadem
601 2549 644 2583 in
666 2547 793 2585 Guelf.
815 2549 932 2585 Goth.
954 2549 1048 2584 Exc.
1076 2551 1225 2585 Samen.
1246 2547 1308 2584 sed
1326 2548 1457 2585 minu·

124 2668 207 2708 Val.
222 2671 323 2707 Max.
335 2677 410 2717 8,7.
425 2683 501 2708 ext.
512 2687 528 2709 1
539 2673 573 2709 6.
583 2671 644 2708 sed
654 2671 762 2707 fabu·
818 2658 1163 2722 Phontembyxop.
1175 2680 1214 2718 5,
1225 2682 1263 2718 3,
1281 2683 1340 2718 17.
1353 2671 1458 2720 (46.)

127 2722 342 2770 lorum‚nec
351 2730 513 2778 reperiri
524 2729 763 2779 apudXeno-
877 2739 942 2774 5¹-
975 2731 1014 2766 in
1032 2730 1110 2766 boc.
1130 2730 1236 2773 cf..6,
1257 2740 1294 2773 2,
1319 2739 1383 2774 27.
