1676 3028
322 204 486 256 INST.
523 207 800 254 ORATOR
832 206 954 250 LIB.
988 204 1074 259 XI,
1111 217 1157 249 2.
1310 216 1407 263 297

58 331 187 402 {fisa
207 334 490 395 cojntineat.

31 422 197 460 'anus
226 408 499 473 ostendiffe
532 409 726 459 dicitur
755 407 1077 478 Simonides·
1120 411 1272 469 cujus
1291 406 1414 454 vul-

36 487 193 560 gata
227 487 404 536 fabula
436 486 534 544 est,
569 503 689 535 cum
712 486 899 552 pugili
907 487 1161 536 coronato
1185 499 1414 540 carmen,

46 565 232 630 quale
252 566 507 631 componi
530 582 561 613 v
551 564 821 614 ictoribus
842 553 988 621 solet,
1009 561 1251 612 mercede
1266 569 1414 626 pacta

75 639 373 707 scripsisset,
434 643 738 706 abnegatam
785 642 834 688 ei
887 641 1140 706 pecuniae
1184 649 1414 707 partem,

77 718 227 783 quod
262 735 408 768 more
433 720 600 783 poetis
633 716 1046 781 frequentissimo
1081 713 1330 783 digreffus
1354 716 1415 762 in

36 851 44 859 ,
75 795 260 844 laudes
287 795 515 845 Castoris
550 812 607 843 ac
641 795 865 845 Pollucis
893 796 1097 843 exierat.
1172 798 1415 862 Quapro-

74 881 193 938 pter
227 865 424 936 partem
455 872 518 919 'ab
548 873 615 921 iis
637 883 837 938 pete1·e‚—
874 889 1107 936 quorum
1130 870 1261 919 facta
1283 869 1415 919 cele-

74 946 282 1005 braffet,
324 948 618 1009 jubebatur.
706 952 770 996 Et
793 948 1189 1014 persolverunt,
1228 957 1290 996 ut
1315 957 1417 995 tra-

75 1022 244 1075 ditu'in
278 1023 362 1072 est.
426 1026 565 1073 Nam
590 1042 711 1073 cum
735 1023 854 1072 effet
875 1025 1071 1090 grande
1096 1025 1415 1074 convivium

73 1101 131 1150 in
162 1101 420 1151 honorem
455 1101 687 1162 ejusdem
724 1103 992 1159 victoriae,
1022 1113 1181 1166 atque
1210 1101 1418 1149 adhibi-

73 1187 156 1231 tus
187 1179 236 1226 ei
270 1195 462 1228 coenae
500 1178 827 1237 Simonides,
869 1180 1063 1230 nuntio
1098 1178 1169 1227 eft
1201 1179 1417 1235 excitus,

73 1254 224 1319 quod
251 1271 376 1304 eum
409 1255 516 1305 duo
541 1259 789 1317 juvenes,
832 1258 984 1322 equis
1009 1255 1243 1314 advecti,
1283 1253 1418 1303 defi-

79 1433 318 1479 eogitationis
336 1434 393 1468 vis
413 1435 435 1468 ί.
457 1447 485 1469 c.
510 1433 556 1468 cf.
585 1445 645 1475 10,
670 1432 707 1475 6,
735 1440 770 1478 4.
801 1435 870 1470 ubi
891 1426 1047 1483 apparet
1063 1432 1258 1482 scribendo
1282 1442 1319 1468 et
1339 1433 1414 1468 edi-

71 1485 210 1537 scendo
240 1488 286 1524 ab
309 1503 384 1524 una
405 1500 510 1538 parte
541 1490 691 1538 opponi
720 1492 766 1526 ab
796 1490 913 1526 altera
946 1491 1186 1539 cogitatIOnis
1206 1492 1292 1526 vim.
1354 1489 1417 1525 Sic

62 1556 172 1596 *mox
190 1541 346 1593 castores
367 1546 498 1582 Turie-

162 1646 227 1671 11.
257 1635 480 1684 abnegatam
502 1645 728 1685 ——par.cem
770 1638 831 1673 Sic
865 1637 996 1672 Turic.
1027 1636 1132 1675 Flor.
1166 1641 1419 1687 (quanquam

78 1685 282 1741 discerptis
310 1693 408 1727 mire
441 1691 622 1742 syllabis)
656 1694 783 1729 Guelf.
815 1694 947 1742 Camp.
982 1707 1070 1729 cum
1104 1696 1189 1730 edd.
1214 1706 1299 1731 ante
1329 1695 1420 1730 Bul.

77 1745 239 1795 Reliqui
261 1749 447 1796 abnegata
464 1769 521 1777 —-
537 1764 600 1797 par
591 1762 626 1783 rs
643 1747 703 1797 est,
728 1749 838 1785 velut
867 1750 967 1787 Van.
981 1751 1099 1787 Goth.
1115 1753 1238 1787 Gud'u
1260 1752 1421 1800 quidem

79 1801 127 1836 ad
147 1804 308 1840 Phaedr.
337 1812 382 1848 4,
407 1813 469 1850 24.
491 1805 681 1841 rationem
709 1806 899 1854 legentis:
947 1806 1149 1854 abnegatas
1171 1810 1260 1843 duas
1283 1809 1318 1841 ei
1339 1822 1417 1854 pec.

76 1867 202 1906 partes
230 1874 310 1897 non
339 1861 456 1898 video
491 1862 585 1910 quid
607 1863 873 1903 commendem
907 1876 976 1897 nec
1000 1862 1196 1899 Gronovii
1217 1864 1261 1898 ad
1288 1865 1419 1899 Senec.

79 1913 127 1949 de
157 1915 354 1966 tranquill.
395 1925 455 1961 14.
484 1921 664 1954 excitatus
695 1932 766 1967 pro
798 1921 946 1953 excitus.

77 1970 182 2009 Flor.
213 1972 407 2023 degreſj‘us.
439 1973 566 2011 Guelf.
590 1975 749 2011 omittit.
803 1977 903 2011 Mox
934 1990 974 2011 ac
1007 1988 1080 2024 pro
1111 1984 1146 2010 et
1175 1974 1421 2024 reliqum-um

82 2025 173 2063 dedi
193 2043 212 2065 e
234 2031 366 2068 Turio.
385 2030 491 2068 Flor.

571 334 750 381 Artem
782 341 957 380 autem
989 329 1276 380 memo-riae
1295 329 1411 394 pri·
1437 352 1484 373 u

1443 1035 1492 1062 ¹2

1229 1918 1418 1967 digreffus.
1461 1951 1465 1954 .

108 2216 117 2227 s
144 2186 206 2210 ιι.
249 2175 471 2224 abnegatam
492 2194 550 2206 -ὴ
567 2185 722 2225 partem.

82 2228 315 2278 „DePendet
342 2246 359 2267 a
375 2231 513 2279 fabula
533 2232 623 2283 est.“
654 2236 706 2269 Ba

83 2286 183 2323 dius.
224 2289 277 2322 Ea
301 2289 459 2335 quidem
481 2291 607 2326 fabula
627 2289 724 2338 legi-

82 2351 147 2378 tur
177 2344 276 2390 apud
298 2344 377 2380 Cic.
404 2345 449 2380 de
471 2346 577 2382 Orat.
599 2357 634 2385 2,
657 2347 724 2390 86.

42 2415 44 2418 ·
81 2397 302 2434 Phaedrum
347 2407 391 2444 4,
437 2409 500 2446 24.
561 2405 724 2440 Carmen

81 2454 99 2489 i
130 2456 207 2490 [um
229 2456 306 2491 hoe
328 2458 647 2497 effeSimonidis,
679 2472 726 2495 ex

85 2523 164 2558 quo
197 2513 423 2561 paniculum
454 2515 563 2552 Plato
595 2516 725 2551 afferat

82 2565 127 2602 in
154 2570 363 2617 Protagora
396 2585 432 2619 p.
468 2573 598 2622 Steph.
630 2581 723 2619 559,

82 2621 289 2672 suspicatui
315 2627 455 2663 Dukei
459 2641 502 2664 us
541 2630 616 2674 (de
646 2641 725 2677 quo

84 2683 200 2725 mox)
223 2694 260 2729 p
285 2688 356 2729 98,
386 2685 450 2718 cui
473 2685 618 2720 diversa
640 2684 728 2730 (sed

86 2743 173 2770 anto
191 2748 280 2772 eum
300 2739 483 2785 scribens)
499 2742 612 2778 sentit
621 2743 727 2788 Hey

779 2179 868 2214 nius
879 2179 918 2214 in
935 2179 1074 2228 Opusc.
1086 2179 1200 2214 Tom·
1211 2191 1224 2212 ι
1236 2205 1245 2214 .
1259 2191 1298 2226 p.
1317 2191 1332 2213 1
1344 2184 1424 2225 59.;

708 2254 724 2262 ·
780 2249 850 2270 nec
887 2236 1098 2283 potuiss'ent
1127 2245 1210 2269 tum
1254 2247 1426 2282 pugnare

781 2292 1054 2331 Grammatici,
1113 2303 1284 2338 quorum
1315 2289 1426 2325 litem

781 2347 953 2383 Platonis
977 2346 1184 2382 auctoritas
1203 2346 1425 2381 diremiffet.

780 2403 1039 2440 Laudatorem
1072 2403 1198 2450 gentis
1237 2403 1423 2451 Scopada-

781 2474 871 2495 :rum
914 2459 1158 2495 Simonidem
1189 2458 1426 2501 Theocritus

764 2516 951 2553 ‚celebrat
979 2515 1219 2553 nobiliffimo
1248 2514 1336 2551 loco
1366 2515 1426 2556 ιδ,

783 2573 836 2616 56
850 2593 905 2601 -
919 2583 982 2617 47

849 2639 911 2665 12.
942 2638 1050 2679 atque
1073 2628 1269 2665 adhibitus.
1310 2629 1428 2668 Vide-

787 2697 851 2722 ω]
863 2686 1006 2722 rectius
1027 2685 1157 2722 omitti
1177 2696 1299 2735 atque,
1322 2685 1429 2733 quod

785 2742 983 2792 ixwxepseiit
1001 2732 1102 2779 inter
1118 2741 1187 2777 illa
1204 2742 1277 2778 ΛΕ
1300 2742 1384 2779 AD.
