1676 3028
359 295 527 341 INST.
564 292 841 340 ORATOR».
874 293 1006 365 *Lm*
1035 291 1133 350 x1,
1166 305 1212 348 3.
1348 306 1439 352 371

109 437 227 470 cere
248 420 399 471 domi
422 420 630 470 solebat.
682 417 768 469 Est
798 419 1012 468 interim
1041 429 1094 468 et
1126 419 1346 485 longnzz,
1387 431 1440 470 et
1463 430 1514 468 55
1588 426 1589 429 ’

106 499 351 586 plenus3·
373 509 426 547 et
463 499 633 547 clarus
673 495 791 546 satis
827 494 1069 563 spiritus,
1117 513 1229 546 non
1265 509 1439 547 tamen

98 574 295 625 'fir'mae
316 575 646 633 intentionis,
672 573 902 640 ideoque
923 573 1212 623 tremulus·
1244 583 1306 623 ut
1324 591 1441 624 cor-

104 669 251 719 pora,
279 669 414 718 quae
441 650 649 720 aspectu
669 652 885 717 integra,
919 652 1097 701 ner-vis
1119 668 1308 717 parum
1330 650 1440 701 sus·
1468 649 1477 659 ‘

105 731 360 779 tinentur.
432 729 494 779 Id.
529 729 771 795 βράγχον
804 730 988 778 Graeci
1023 739 1228 778 vocant.
1307 731 1442 778 Sunt

105 807 203 871 qui
226 805 471 873 spiritum
503 825 623 858 cum
649 807 870 856 stridore
894 822 988 871 per
1013 822 1084 854 ra}
1085 805 1275 854 itatem
1312 805 1441 854 den-

103 884 375 932 tiunrnon
402 886 682 951 recipiunt,
716 882 806 932 sed
826 882 1108 931 resorbent.
1185 883 1441 948 Sunt-qui

105 960 290 1008 crebro
315 960 583 1018 anhelitu,
624 972 676 1008 et
708 958 996 1009 introrsum
1020 961 1176 1008 etiam
1204 960 1338 1007 clare
1360 958 1440 1008 so-

101 1047 286 1094 nan-te,
324 1036 605 1086 imitentur
625 1040 862 1097 jumenta
886 1051 1047 1084 onere
1073 1045 1125 1083 et
1145 1039 1270 1100 jugo
1294 1037 1441 1085 labo-

100 1114 281 1162 rantia.
361 1112 519 1182 Quod
542 1108 780 1161 affectant
806 1128 1051 1177 quoque,
1090 1122 1337 1176 tanquam
1359 1115 1441 1161 in-
1462 1122 1515 1165 56

99 1189 368 1240 ventionis
425 1191 575 1257 copia
623 1199 912 1256 urgeantur
930 1225 946 1250 ‚
1032 1192 1307 1255 maiotque
1358 1206 1393 1241 x
1398 1191 1442 1240 is

189 1361 254 1400 55.
288 1353 466 1406 βρᾶῃςον.
501 1355 637 1392 Ambr.
654 1364 688 1390 2.
720 1349 958 1390 BPAMON.
987 1353 1115 1391 Guelf.
1138 1359 1292 1400 βκαμον.
1323 1356 1440 1392 Tarv-

99 1415 288 1460 βραγμον.
328 1414 361 1447 Ε
380 1411 637 1449 vetustiffimis
666 1409 724 1445 nil
746 1410 903 1445 affertur
927 1411 1094 1446 diversae
1117 1411 1336 1460 scripturae.
1394 1412 1443 1448 Id.

101 1467 227 1516 ipsum
261 1469 368 1517 quod
394 1468 592 1503 Tarvisina
625 1467 708 1505 dat,
743 1466 929 1502 Gesnerus
954 1468 1174 1513 conjectura
1197 1468 1321 1509 eruit,
1351 1481 1442 1504 cum

46 1560 50 1563 ,
99 1523 228 1559 adhuc
249 1525 407 1572 quidem
429 1537 511 1559 vox
531 1524 597 1558 ista
620 1523 762 1558 Graeca
783 1522 982 1569 incognita
1006 1524 1063 1564 lit,
1094 1534 1271 1571 repetens
1296 1523 1396 1559 illud
1419 1537 1441 1560 e

99 1578 190 1616 loco
213 1580 465 1629 Hippocratis
482 1579 596 1628 Epid.
617 1588 653 1621 7,
684 1590 699 1612 1
715 1593 747 1614 1.
769 1577 840 1612 ubi
862 1578 948 1613 teste
961 1579 1097 1614 Foesio
1117 1592 1190 1627 pro
1214 1580 1442 1628 βραγχώὅης

94 1635 215 1672 “Μ88.
235 1635 379 1672 h'abent
401 1636 633 1686 βραγμώδης.
693 1635 832 1682 Neque
863 1635 966 1669 enirn
988 1635 1031 1671 in
1049 1634 1233 1684 βράγχῳ,
1267 1647 1310 1671 ut
1331 1638 1440 1673 usur·

99 1702 232 1741 patum
262 1692 465 1729 videamus
496 1705 515 1726 a
548 1691 825 1741 scriptoribus,
864 1692 992 1739 poffe,
1041 1692 1084 1726 id
1122 1692 1230 1740 quod
1262 1692 1329 1728 hic
1357 1693 1439 1735 fiat,

101 1749 255 1795 agnosci
282 1749 447 1796 longum,
478 1749 639 1797 plenum,
663 1747 760 1796 satis
780 1747 1118 1795 clarum-spiritum.
1177 1749 1332 1784 Deinde
1353 1750 1440 1786 fon-

103 1813 182 1840 tem
201 1804 386 1840 vocabuli
408 1798 578 1853 β’ραγμός
604 1816 694 1839 cum
715 1803 851 1838 eodem
871 1804 1006 1838 Foefio
1032 1805 1155 1839 censet
1174 1806 1243 1840 effe
1266 1807 1443 1853 βρτιιχενῖνλ

102 1860 210 1908 quod
241 1860 342 1908 apud
371 1860 608 1907 Hesychium
639 1859 821 1894 reddatur
842 1859 998 1905 ὴχῆσᾱι,
1029 1863 1198 1903 ψοφῆσαι
1218 1860 1276 1908 (et
1294 1861 1440 1899 notiffi-

100 1929 210 1952 mum
240 1915 323 1950 sane
350 1916 607 1950 Homericum
634 1913 813 1963 ἕβραχε);
859 1915 962 1949 unde
993 1914 1150 1951 deducit
1177 1916 1442 1964 fignificatum
1484 1949 1487 1952 ,

99 1972 262 2014 sonum,
294 1970 419 2020 qualis
453 1985 472 2006 e
500 1970 651 2019 figlinis
671 1971 823 2007 vitiosis
854 1981 891 2006 et
911 1971 1050 2007 rimam
1076 1972 1279 2020 agentibus
1307 1984 1440 2015 exeat3

102 2041 271 2077 eumque
297 2028 364 2063 hic
392 2041 411 2062 a
439 2027 560 2064 Fabio
594 2027 766 2063 describi.
827 2028 933 2074 Quae
952 2028 1078 2064 onmia
1100 2029 1184 2063 satis
1208 2028 1311 2065 mihi
1332 2028 1441 2065 blan-

29 2095 32 2104 ·
102 2084 183 2120 diri
201 2084 334 2121 fateor.
561 2084 665 2132 iugo.
691 2083 794 2120 Flor.
812 2082 908 2130 jd‘jg-*a
933 2083 1077 2128 <solito
1109 2097 1250 2126 errore,
1283 2085 1329 2121 de
1360 2098 1439 2135 quo

102 2140 137 2184 ᾖ.
159 2139 262 2189 52.).
291 2139 394 2176 Alm.
427 2140 568 2177 honore
591 2153 665 2189 pro
693 2154 822 2183 onero,
861 2151 1001 2176 neutro
1029 2153 1210 2176 meorum
1240 2141 1440 2178 addicente

102 2196 174 2242 (cf.
197 2198 295 2245 53.).

194 2285 258 2331 56.
291 2288 480 2337 majorque
494 2301 661 2338 —quae.
676 2287 808 2324 anic.
830 2286 933 2322 Flor.
950 2289 1070 2332 major
1089 2286 1207 2337 quise
1228 2287 1442 2336 loquentia&

66 2375 69 2379 .
104 2345 295 2393 ingruatur
305 2345 425 2390 major
437 2358 539 2394 quae.
568 2346 628 2381 An
640 2344 740 2380 forte
750 2342 978 2393 praetuleris
999 2343 1113 2380 haec:
1138 2354 1247 2392 atque
1257 2347 1310 2381 vis
1320 2362 1376 2371 —
1386 2349 1440 2381 iez-

157 2497 222 2536 55.
254 2488 434 2540 βράγχον.
463 2489 510 2526 cf.
532 2501 614 2526 not.
634 2490 719 2526 crit.
796 2489 858 2526 Ne
887 2489 990 2524 illud
1020 2489 1178 2537 quidem
1208 2489 1440 2532 Oudendor-

158 2549 251 2582 Sunl:
272 2550 396 2596 qui—
410 2548 589 2591 recipiunt
611 2567 668 2575 —-
686 2561 741 2582 re·
797 2547 856 2594 pii
886 2546 1081 2581 decretum
1095 2572 1104 2585 ,
1135 2546 1266 2582 verbis
1286 2547 1440 2595 opinio·

94 2601 528 2654 sorbent—imitentur.
551 2604 740 2652 Hicquo-
797 2616 886 2639 nem
921 2613 957 2638 et
987 2602 1108 2638 sensus
1141 2603 1258 2638 animi
1290 2603 1437 2651 signifi-

102 2673 176 2708 que
198 2660 375 2709 religiose
397 2658 520 2695 libros
546 2660 742 2708 sequimur
799 2659 974 2695 cantibus
1014 2659 1307 2706 conjunctivum
1353 2659 1437 2695 affi-

101 2715 269 2756 nostros‚
300 2717 402 2753 miro
423 2716 543 2751 modo
566 2718 740 2765 primum
798 2729 939 2764 gnans,
979 2716 1044 2750 hic
1076 2715 1287 2764 quidquam
1315 2715 1437 2764 profi-

102 2770 372 2813 indicativum,
411 2771 547 2808 deinde
579 2774 740 2820 conjun-
799 2785 882 2807 cete
912 2773 1040 2807 video.
1065 2772 1110 2807 cf.
1132 2784 1203 2808 nos
1234 2773 1281 2808 ad
1308 2786 1372 2811 ιι,
1400 2786 1434 2813 1,

101 2827 252 2864 etivum
272 2829 415 2867 dantes.
436 2829 482 2866 cf.
502 2841 598 2866 mox
618 2829 650 2874 ὦ.
674 2829 739 2866 60.
800 2835 866 2873 82.
886 2839 923 2864 et
943 2841 981 2877 9,
1005 2835 1042 2872 4,
1066 2836 1132 2872 53.

931 2906 1042 2943 Aan
