1696 3016
300 217 378 275 *46
629 216 715 271 M„
748 217 883 264 FAB.
931 218 1341 279 QUINTILIANI

298 350 483 389 'tamen
514 343 685 406 operi,
735 342 821 389 cui
851 340 903 390 se
935 359 1112 407 parem
1144 343 1376 393 credidit.
1454 343 1634 394 Admi-

307 416 486 465 rabilis
509 418 567 464 in
590 415 683 465 suo
707 433 893 481 genere
928 417 1257 476 leeoct·icus,'
1271 418 1360 467 sed
1381 419 1525 468 musa
1542 421 1632 468 illa

306 491 495 539 rustica
526 502 577 539 et
598 491 862 556 pastoralis
884 510 992 541 non
1014 491 1192 542 forum
1213 494 1373 543 modo
1389 532 1405 558 ,
1442 511 1629 543 verum
1640 507 1690 549 39

233 571 284 615 56
305 565 466 631 ipsam
490 569 646 615 etiam
665 569 851 615 urbem
871 566 1187 616 reformidat.
1227 568 1424 618 Audire
1443 561 1631 619 videor

302 641 545 705 undique
608 650 942 706 congerentes
1000 645 1215 691 nomina
1274 645 1630 708 plurimorum

301 721 589 781 poetarum.
677 717 855 784 Quid?
913 719 1152 767 Herculis
1195 728 1302 766 acta
1346 718 1456 768 nori
1494 717 1629 768 bene

299 788 615 861 Pisandros?
663 791 841 858 Quid?
892 794 1219 841 Nicandrum
1250 792 1438 841 frustra
1468 793 1627 843 secuti

301 868 487 914 Macer
517 878 673 930 atque
711 867 1004 934 Virgilius?
1038 869 1216 935 Quid?
1250 868 1626 932 Euphorionem

297 942 673 990 transibimus?
734 959 891 1006 quem
942 941 1038 990 nisi
1075 942 1326 1007 probasset
1360 936 1625 1008 Virgilius,

254 1006 257 1021 ⁷
295 1015 440 1064 idem
475 1034 749 1082 nunquam
783 1028 918 1065 certe
949 1017 1286 1067 conditorum
1322 1019 1623 1069 Chalcidico

345 1178 347 1181 ’
382 1167 495 1213 operi.
553 1167 682 1201 Turic.
707 1165 809 1202 Flor.
832 1166 923 1212 (hic
946 1180 966 1201 a
985 1180 1043 1215 pr.
1066 1169 1146 1213 m.)
1175 1169 1306 1214 operis.
1495 1181 1622 1216 parem

291 1221 455 1256 credidit.
518 1221 641 1256 Guelf.
668 1223 855 1269 aequalem
877 1236 906 1256 c.
925 1236 1050 1270 parem
1079 1236 1164 1257 cum
1187 1223 1289 1260 Voss.
1321 1237 1353 1258 1.
1378 1228 1436 1266 3.‘-
1455 1237 1492 1270 p.
1515 1237 1541 1258 c.
1562 1224 1621 1257 vel

290 1276 479 1323 aequalem
522 1277 619 1313 Jens.
667 1289 752 1311 cum
792 1277 875 1312 edd.
917 1278 1073 1325 posterr.
1119 1289 1202 1313 ante
1239 1277 1324 1313 Ald.
1398 1279 1620 1313 Theocritus.

291 1331 421 1366 Turio.
454 1339 489 1365 te
508 1343 578 1365 cus.
615 1331 717 1366 Flor.
742 1340 847 1367 cecus.
887 1331 959 1367 Ille
983 1346 1002 1366 a
1023 1333 1088 1367 sec.
1110 1346 1160 1368 ru.
1194 1341 1324 1373 textus,
1354 1333 1419 1367 hie
1434 1333 1617 1369 nostrum.

288 1386 389 1420 Mox
416 1398 488 1434 pro
509 1385 579 1434 sed
611 1397 769 1434 uterque
797 1397 843 1421 ot.
1070 1385 1275 1435 yzrafloralis.
1337 1389 1467 1423 Turio.
1498 1384 1619 1436 postu·

285 1441 399 1481 laris,
432 1454 452 1475 a
471 1441 538 1476 fec.
562 1454 622 1476 m.
649 1442 851 1489 popularis,
875 1453 912 1477 ct
933 1444 979 1477 fic
1001 1443 1131 1490 Camp.
1188 1441 1383 1490 pasturalis
1401 1443 1502 1478 Flor.

372 1517 434 1560 56.
489 1516 716 1565 Pisandros?
767 1519 1003 1553 Nicandrum.
1082 1520 1144 1554 Sic
1186 1520 1316 1555 Tui-ic.
1372 1520 1473 1555 Flor.
1528 1532 1616 1554 cum

281 1572 383 1608 Alm.
444 1572 602 1619 Reliqui
630 1573 799 1608 inserunt
827 1575 956 1625 Quid?
986 1573 1110 1610 Guelf.
1141 1575 1202 1609 dat
1233 1575 1496 1609 Menandrum.
1555 1577 1616 1609 Ex

281 1628 385 1663 Voff.
415 1637 451 1670 5.
482 1628 646 1662 refertur
674 1629 898 1664 Neandrum.
1134 1630 1610 1676 Virgilium—Virgilius.

281 1683 485 1729 Interjecta
504 1682 610 1718 hisce
632 1696 719 1718 cum
738 1683 857 1719 altero
877 1685 958 1732 ipso
982 1685 1139 1720 nomine
1159 1686 1343 1720 omittunt
1360 1685 1489 1720 Turic.
1507 1687 1536 1719 F
1538 1685 1610 1720 lor.

752 1814 917 1855 camno,
976 1828 1054 1863 quo
1075 1816 1132 1850 uti
1153 1815 1274 1863 posset
1294 1815 1495 1864 Virgilius.
1537 1815 1612 1851 sed

972 1870 1092 1906 velim
1123 1883 1168 1904 ex
1199 1870 1303 1905 hisce
1324 1871 1513 1918 deperditi
1533 1883 1611 1905 car-

335 1812 399 1855 56,
461 1811 667 1860 Pisandros.

280 1868 423 1915 oppido
444 1868 575 1902 Rhodi
604 1870 810 1908 oriundus,
841 1872 918 1905 He·

277 1922 443 1963 racleae,
492 1924 591 1971 epici
633 1925 811 1959 carminis
854 1926 918 1960 de-

275 1978 419 2025 perditi
437 1988 579 2013 auctor.
611 1980 671 2014 De
695 1992 739 2014 eo
757 1979 846 2014 vide
859 1979 916 2014 lu-

277 2032 467 2067 culentam
493 2033 788 2081 disputationem
811 2035 914 2082 Hey-

275 2088 334 2122 nii
353 2088 393 2122 in
411 2090 502 2123 Exc.
531 2101 562 2124 1.
585 2090 631 2123 ad
651 2090 758 2137 Vir-g.
783 2088 850 2125 lib.
876 2099 910 2126 2.

333 2144 630 2178 Nicandrums—
648 2145 783 2179 Macer
805 2153 914 2194 atque

278 2198 468 2245 Virgilius.
537 2200 599 2234 De
630 2200 767 2234 Macro
794 2200 839 2234 cf.
875 2200 910 2241 6,

273 2262 311 2296 3,
336 2254 396 2299 96.
429 2251 569 2300 quibus
592 2255 675 2290 add.
697 2256 730 2292 J.
745 2256 792 2289 H.
808 2256 908 2292 Voff.

271 2309 318 2342 ad
340 2306 486 2343 Tibull.
511 2310 627 2357 praef.
652 2324 690 2358 p.
714 2311 763 2346 X.
828 2311 910 2346 Vir-

268 2364 402 2410 gilium
459 2364 667 2411 expreffiss'e
721 2366 909 2400 Nicandri

270 2430 421 2452 carmen
463 2417 554 2454 hinc
592 2420 788 2461 discimus,
837 2433 906 2455 nec

267 2472 429 2508 memini
457 2475 525 2521 qui
556 2482 705 2522 praeter
736 2476 906 2510 nostrum

267 2529 416 2578 prodat.
504 2531 594 2564 Erat
650 2532 805 2578 quidem
862 2532 903 2566 in

266 2594 426 2633 promtu
456 2585 673 2631 Georgicon
705 2599 801 2633 opus
831 2587 902 2621 Ni-

267 2638 420 2678 candi-i,
464 2638 666 2687 saepiffime
713 2641 811 2675 illud
855 2642 902 2675 ad

263 2703 390 2744 partes
410 2706 597 2743 ⁴vocatum
620 2695 665 2730 ab
689 2695 899 2736 Athenaeo,

971 1926 1088 1960 minis
1099 1925 1275 1972 reliquiis
1291 1925 1437 1973 aliquid
1451 1925 1607 1966 ostendi,

971 1981 1012 2014 iu
1036 1993 1111 2027 qno
1134 1980 1345 2014 imitantem
1367 1980 1607 2027 agnoscamus

969 2046 1120 2082 poetam
1138 2035 1332 2069 Latinum.
1370 2035 1607 2071 'Macrobius

969 2091 1010 2124 in
1051 2089 1354 2124 saturnaliorum
1391 2101 1505 2137 opere
1534 2091 1606 2124 Ni-

969 2146 1150 2179 candrum
1172 2144 1326 2191 quidem
1346 2157 1426 2180 non
1442 2146 1606 2180 recenset

967 2200 1067 2234 inter
1087 2201 1250 2235 Graecos
1282 2212 1366 2239 eos,
1398 2212 1444 2234 ex
1465 2200 1607 2248 quibus

965 2255 1171 2302 profecerit
1227 2254 1427 2302 Virgilius.
1525 2254 1604 2289 Ubi

966 2323 1060 2345 vero
1104 2310 1315 2357 expressum
1364 2323 1383 2343 a
1430 2309 1601 2357 Virgilio

964 2365 1203 2399 Nicandrum
1245 2375 1483 2410 agnoverunt
1511 2365 1597 2403 VV.

962 2420 1056 2454 DD.
1096 2419 1278 2454 Theriaca
1321 2418 1496 2467 exemplo
1537 2418 1600 2453 illi

962 2474 1069 2508 fuiffe
1107 2484 1281 2521 apparet:
1324 2474 1369 2509 cf.
1401 2475 1525 2521 Heyn.
1555 2474 1597 2509 in

961 2530 1165 2564 Prooemio
1183 2530 1228 2564 ad
1247 2527 1406 2577 Virgilii
1426 2529 1564 2577 Georg.

1015 2584 1293 2630 Euphorionem
1321 2604 1373 2611 —-
1409 2582 1595 2633 probaffet

962 2639 1150 2686 Virgilius.
1181 2637 1259 2674 Ecl.
1287 2652 1348 2678 io,
1370 2646 1432 2682 50.
1475 2641 1593 2673 Recte

956 2705 1088 2730 monet
1105 2696 1138 2733 J.
1163 2695 1213 2729 H.
1235 2694 1396 2735 Voffius,
1427 2693 1591 2729 aliorum
