1676 3028
359 153 522 200 INST.
560 151 839 199 ORATOR„
871 151 994 197 Lm.
1029 150 1127 208 xl,
1175 162 1220 206 3.
1358 161 1454 210 375

121 279 425 350 parricidio,
463 278 553 328 [ed
575 279 640 328 de
666 279 878 336 calculis
898 287 1033 328 certe
1054 287 1212 343 atque
1235 279 1454 329 rationi-

119 359 236 416 bus,
275 359 560 422 quisquam
586 357 842 424 denique,
884 366 946 406 ut
961 354 1118 404 semel
1138 353 1351 414 finiam,
1391 358 1459 407 iu·

118 435 212 484 lite
238 436 441 484 cantat?
482 434 642 503 Quod
664 433 707 483 si
734 435 954 486 omnino
973 431 1340 498 recipiendum
1361 432 1460 493 est,-

116 512 258 562 nihil
283 510 463 560 causae
485 511 584 570 est,
622 529 718 562 cur
740 529 849 562 non
871 511 1016 560 illam
1039 510 1186 560 vocis
1207 509 1451 560 modula-

116 589 318 638 tionem
343 587 546 638 fidibus
569 605 626 637 ac
649 589 812 647 tibiis,
844 590 1012 639 immo
1034 588 1267 646 hercule,
1299 587 1450 654 quod

113 664 189 713 est
210 665 341 714 huic
368 664 694 716 deformitati
720 667 971 734 propius,
1012 665 1266 730 cymbalis
1299 664 1449 727 adju-

39 753 44 760 “
112 758 316 792 vemus.
381 744 622 792 Facimus
660 753 835 792 tamen
879 743 984 792 hoc
1023 743 1275 791 libenter.
1320 758 1444 791 nam
1468 752 1520 790 σο

111 835 210 867 nec
252 820 502 885 cuiquam
542 819 664 870 sunt
691 819 1009 883 injucunda,
1063 836 1197 885 quae
1239 829 1448 868 cantant

21 894 236 962 aouipfi‚
275 906 328 944 et
353 896 548 946 laboris
569 898 628 945 in
653 897 783 956 hoc,
816 913 979 962 quam
998 898 1056 946 in
1078 895 1307 962 agend0‚
1347 897 1450 945 mi-

110 989 215 1021 nus
244 970 331 1021 est.
409 975 545 1022 Sunt
567 984 618 1022 et
642 974 876 1037 quidam,
916 977 1013 1039 qui
1033 973 1328 1023 secundum
1348 974 1449 1022 alia

109 1049 249 1098 vitae
272 1049 433 1108 vitia,
464 1050 621 1099 etiam
640 1049 739 1100 hac
763 1051 968 1116 ubique
993 1050 1273 1110 audiendi,
1300 1048 1451 1116 quod.

127 1219 132 1225 -
190 1199 257 1242 59.
289 1193 442 1231 hercule.
474 1194 537 1231 sio
566 1194 699 1231 Turic.
727 1194 860 1243 Camp.
882 1206 971 1231 cum
997 1193 1101 1231 Alm.
1133 1193 1452 1243 Reliqui‘meher-

106 1249 198 1291 eule,
229 1250 302 1285 nisi
322 1251 428 1299 quod
455 1251 554 1290 Jens.
592 1250 684 1300 (tac.
715 1251 847 1299 Gesn.)
875 1252 1093 1287 mehercules
1122 1264 1212 1287 cum
1244 1251 1329 1288 edd.
1360 1261 1458 1303 ante·

108 1305 257 1354 Gryph.
278 1305 384 1353 quod
405 1316 539 1342 eontra
550 1305 648 1345 Vall.
674 1307 781 1355 sequi
799 1307 834 1342 se
856 1307 1011 1343 testatur
1021 1307 1174 1343 Badius.
1201 1307 1249 1342 cf.
1265 1307 1302 1346 6,
1322 1315 1360 1350 3,
1379 1313 1446 1350 74.

107 1363 249 1410 turpius
279 1361 412 1411 Camp.
440 1375 513 1411 pro
543 1365 708 1411 propius.
753 1363 850 1397 Mox
869 1375 943 1410 pro
964 1376 1028 1397 nec
1055 1364 1222 1413 cuiquam
1244 1363 1377 1398 Ambr.
1403 1373 1442 1398 2.

104 1429 151 1451 ne
170 1418 234 1453 αυὶ
249 1430 360 1466 quam
388 1429 477 1453 cum
487 1419 601 1454 Bern.
637 1419 709 1454 Sed
723 1417 852 1454 Guelf.
873 1432 918 1453 ne
939 1420 1005 1454 avi
1024 1431 1194 1467 unquam,
1214 1419 1333 1455 Goth.
1353 1421 1443 1469 (tac.

105 1471 239 1520 Gesn.)
268 1486 333 1507 nec
360 1474 559 1522 cuiuquam.
599 1473 704 1509 Hinc
723 1474 876 1509 fortaffe
899 1472 997 1510 Obr.
1020 1473 1110 1509 illae
1127 1474 1311 1510 deliciae·
1343 1475 1455 1515 Nam,

103 1539 205 1564 more
224 1529 348 1564 avium
364 1531 491 1578 cuique
500 1528 592 1578 sunt
607 1530 783 1573 jucunda.
835 1528 1080 1577 singularem
1100 1539 1228 1566 cantat
1250 1529 1327 1579 ipse
1345 1543 1445 1566 non-

60 1588 63 1591 “
101 1583 176 1620 nisi
204 1597 226 1620 a
255 1583 437 1633 Gryphio
463 1585 555 1620 inde
584 1584 669 1620 edd.
702 1595 789 1621 ante
810 1586 945 1621 Burni.
977 1584 1105 1622 Guelf.
1131 1595 1259 1622 tamen
1282 1584 1382 1636 ipsis.
1406 1595 1456 1623 et.

101 1640 234 1678 Loc'at.
256 1641 355 1679 Ven.
378 1641 489 1677 Rusc.
517 1649 669 1677 cantat.-
698 1639 781 1691 ipsi.

184 1717 252 1756 60.
264 1720 413 1755 Suntet.
429 1720 493 1755 Sic
503 1719 635 1758 Turio.
649 1720 782 1769 Camp.
797 1733 888 1756 eum
898 1718 1327 1770 Ald.ReliquiEtsunt:
1344 1722 1458 1762 Mox*-

103 1777 166 1822 qui
182 1787 256 1824 pro
276 1776 366 1826 quid
388 1775 479 1812 dant
492 1785 537 1812 -et
552 1789 627 1812 non
657 1776 848 1813 omittunt
866 1776 1117 1814 Turic.Flor.
1139 1779 1332 1827 posterius
1353 1786 1458 1814 cumv

102 1898 392 1935 nunciationem
430 1899 601 1948 respectu
631 1897 670 1940 6,
704 1907 742 1936 2.

103 1962 171 1998 3¹·
206 1967 251 1990 ιι
267 1980 278 1995 ,
316 1968 360 1994 1,
377 1961 459 2002 *53-
483 1960 548 1999 84.
570 1955 668 1990 circa
688 1953 743 1991 le-

101 2011 215 2047 v'mra
236 2022 364 2048 autem
387 2009 553 2048 ridicula
568 2008 743 2054 *artificia

104 2073 143 2112 8²
165 2076 204 2111 32
231 2073 294 2112 ²4·

69 2150 75 2160 s
158 2124 241 2158 huic
287 2122 520 2173 deformitati
568 2125 742 2173 propius,

102 2179 297 2229 cymbalis.
382 2181 588 2216 Personam
638 2181 744 2215 enim

102 2235 278 2284 cymbala
305 2236 350 2272 in
385 2235 590 2274 Gallorum
618 2236 741 2274 sacris.

102 2291 150 2328 cf.
171 2292 350 2343 psalteria
374 2308 409 2333 ι,
436 2305 500 2335 10,
523 2301 592 2337 51.

159 2402 226 2442 60.
259 2418 325 2441 nec
343 2407 512 2456 cuiquam
524 2425 578 2435 —-
590 2415 627 2443 el:
643 2406 746 2443 labo-

100 2464 151 2499 ris
173 2481 226 2488 -
248 2464 366 2497 minus
396 2461 457 2511 est.
517 2466 634 2500 Recte
647 2464 745 2499 stru-

103 2529 252 2555 cturam
276 2520 533 2570 pronominis
554 2522 747 2571 quisquam

102 2586 190 2618 eum
202 2573 350 2623 plurali
369 2576 543 2612 defendit
558 2578 746 2612 Emman-

100 2643 199 2678 μω,
256 2631 367 2678 cujus
418 2633 627 2670 immemor
666 2642 748 2669 erat

103 2685 302 2738 Drakenb.
335 2690 382 2725 ad
400 2691 492 2728 Liv.
519 2703 564 2741 9,
586 2689 661 2736 36,
689 2701 751 2731 1.;

799 1899 900 1937 male
915 1911 1043 1936 tamen
1062 1899 1132 1936 ille
1151 1901 1199 1935 ad
1214 1900 1447 1948 hujusmodi

798 1955 1017 1993 locutiones
1055 1968 1214 1992 revocat
1244 1956 1378 1993 locum
1407 1970 1447 2005 9,

800 2023 839 2054 2,
874 2022 939 2062 79.
971 2013 1044 2049 ubi
1065 2013 1214 2054 inutiles
1234 2014 1282 2048 ad
1302 2026 1446 2049 vocem.

797 2068 958 2118 persona
980 2069 1183 2105 referendo
1205 2068 1318 2118 plane
1336 2070 1446 2124 aber:

799 2126 913 2162 ravit.
971 2124 1211 2161 Attendenda
1241 2126 1355 2161 etiam
1375 2139 1445 2176 op-

799 2182 941 2230 positio
954 2181 997 2216 in
1017 2181 1097 2217 istis
1122 2194 1251 2216 nec—
1264 2191 1311 2217 et.
1332 2183 1380 2218 cf.
1404 2193 1443 2230 9.

804 2246 841 2281 4,
866 2245 933 2283 58.
967 2239 1006 2273 in
1040 2238 1185 2286 agendo
1216 2238 1444 2287 interpreta-

800 2306 865 2330 re:
893 2295 976 2336 „in
996 2305 1098 2329 recta
1127 2304 1164 2329 et
1185 2294 1231 2330 ab
1252 2294 1359 2330 hisce
1379 2294 1446 2330 de·

800 2350 940 2392 „liciis
981 2349 1103 2386 aliena
1151 2351 1447 2398 pronunciatio·

800 2430 824 2447 „
837 2421 898 2443 ne.
912 2413 938 2428 ‘⁹
1418 2423 1421 2425 ’

859 2463 938 2500 alia
964 2465 1066 2500 vitae
1095 2465 1201 2500 vitia.
1223 2463 1270 2501 cf.
1288 2478 1322 2505 ι,
1345 2471 1382 2509 8,
1404 2476 1445 2514 9.

802 2520 960 2562 „omnia
975 2519 1201 2556 deliciarum
1212 2520 1339 2556 vitia“
1349 2521 1446 2557 item

801 2577 868 2612 hic
891 2576 924 2621 δ.
946 2576 1014 2621 76.
1037 2575 1144 2613 oculi
1162 2576 1298 2613 infecti
1323 2577 1446 2613 osten·

803 2634 949 2671 duntur
967 2632 1140 2670 mollitie
1154 2631 1362 2671 hominum
1373 2633 1445 2671 rel.
