1676 3028
311 214 476 260 le‘r.
511 212 790 260 ORATOR.
824 212 946 257 Lm.
980 211 1053 269 Χ,
1100 223 1142 256 1.
1307 223 1362 254 ιι
1378 224 1399 255 1

57 341 392 401 inmanibus
428 339 842 410 adolescentium
882 338 1002 390 fuit.
1085 343 1257 409 Quem
1290 355 1404 388 non

57 418 309 484 equidem
324 420 552 483 omnino
577 419 800 469 conabar
822 429 1082 475 excutere,
1116 416 1205 465 sed
1228 418 1406 481 potio-

55 496 208 561 ribus
241 494 495 562 praeferri
524 512 654 545 non>
676 494 937 553 linebam,¹
985 511 1122 560 quos
1164 494 1258 542 ille
1290 511 1405 544 non

57 571 322 623 destiterat
354 570 624 630 incessere,
657 590 778 622 cum
809 570 1000 622 diversi
1037 570 1133 620 fibi
1163 569 1406 621 conscius
1482 615 1488 619 ,

0 671 46 699 ιιι
61 651 294 716 generis,
337 650 545 716 placere
575 648 626 698 se
652 651 710 699 in
739 649 967 699 dicendo
1000 647 1167 715 posse,
1205 649 1406 714 quibus

59 727 144 776 illi
164 727 444 792 placerent,
466 725 737 775 diffideret.
803 727 1059 775 Amabant
1079 737 1254 776 autem
1279 742 1406 775 eum

57 804 248 869 magis,
298 821 456 869 quam
485 804 854 852 imitabantur:
893 813 1210 868 tantumque
1244 803 1308 851 ab
1340 819 1409 853 eo

27 879 378 935 *defluebann
417 891 678 945 quantum
718 882 820 928 ille:
840 881 903 929 ab
941 882 1173 946 antiquis
1195 879 1408 930 descen-

58 955 216 1006 derat.
244 959 399 1006 Foret
422 958 565 1004 euim
592 957 902 1021 optandum,
921 975 1089 1024 pares,
1111 968 1203 1007 aut
1222 955 1402 1006 saltem
1421 984 1497 1017 127

57 1034 345 1100 proximos,
382 1034 466 1082 illi
485 1035 604 1083 viro
629 1032 759 1083 fieri.
809 1033 911 1083 Sed
932 1034 1166 1101 placebat
1190 1045 1410 1102 propter

147 1185 276 1238 Quem.
309 1185 413 1222 Flor.
434 1189 472 1233 (a
490 1199 550 1237 pr.
574 1188 646 1232 m.)
679 1188 810 1237 Camp.
841 1188 1042 1224 omittunt.

141 1243 311 1278 conabar.
334 1243 467 1279 Turio.
488 1242 592 1280 Flor.
615 1244 732 1280 Goth.
758 1246 989 1290 (tac.Gesn.;
1023 1245 1283 1292 posteriorum
1303 1257 1410 1283 uter·-

59 1308 134 1348 que
155 1311 249 1347 apr.
271 1299 343 1344 m.)
373 1300 505 1349 Camp.
537 1300 710 1336 conabor.
934 1301 1129 1348 praeferri.
1162 1301 1297 1338 Turic.
1326 1317 1410 1352 per-

51 1354 168 1404 ferre.
212 1354 316 1390 Flor.
357 1358 396 1399 (a
429 1369 487 1404 pr.
523 1358 660 1402 manu)
694 1355 894 1405 praeferre.
1149 1371 1228 1392 cum
1264 1358 1413 1411 diverfi.·

60 1411 193 1448 Turio.
214 1410 323 1446 Flor-
354 1411 440 1457 (hic
461 1425 480 1446 a
501 1425 559 1461 pr.
581 1414 652 1458 m.)
685 1413 874 1448 omittunt
906 1427 984 1448 cum
1014 1426 1103 1449 cum
1122 1413 1224 1450 Alm.

144 1464 260 1517 poffe‚
274 1468 413 1516 quibus.
445 1468 508 1504 Sic
522 1469 656 1505 Turio.
671 1470 802 1517 Camp.
818 1469 908 1514 (nisi
930 1470 1036 1518 quod
1056 1470 1122 1505 hic
1141 1469 1299 1519 poffem)
1322 1466 1418 1508 clim

59 1523 160 1561 Alm.
199 1522 308 1558 nam.
341 1523 492 1574 Gryph.
523 1525 702 1575 (1536.)
746 1525 923 1562 Inserunt
962 1527 998 1560 in
1032 1525 1136 1562 Flor.
1172 1527 1251 1571 (cf.
1290 1524 1420 1577 121.)⁸

59 1578 188 1617 Guelf.
219 1592 307 1615 cum
329 1581 448 1616 G-oth.
470 1581 575 1619 Voss'.
604 1595 638 1617 1.
660 1592 695 1618 2.
727 1580 830 1619 vall.
851 1583 951 1620 Jens.
976 1594 1013 1619 et
1032 1582 1118 1619 edd.
1141 1584 1302 1633 posten·.
1328 1597 1415 1622 ante

60 1635 211 1686 Gryph.
230 1634 390 1686 Reliqui
408 1637 582 1677 inserunt
602 1638 657 1679 iis,
686 1638 844 1685 jubente
864 1639 1004 1688 Regio.
1184 1641 1253 1676 illi.
1277 1643 1420 1679 Turio.-

61 1695 100 1738 (τι
122 1693 188 1728 sec.
209 1694 280 1737 m.)
309 1693 384 1734 ille,
417 1694 523 1742 quod
552 1706 588 1729 et
612 1708 658 1730 ex
680 1694 781 1730 Alm.
813 1695 985 1731 affertur.
1208 1698 1412 1747 placerent.

58 1749 192 1786 Turic-
219 1749 365 1798 placere
388 1748 484 1786 'cum
512 1750 613 1787 Alm.
850 1749 1050 1800 diffideret.
1090 1752 1195 1789 Flor.
1228 1756 1273 1801 (fi
1310 1767 1415 1792 recte

58 1806 295 1855 interpretor
316 1809 602 1855 excerpentem)
629 1803 857 1856 dffderent.
1081 1810 1273 1846 Amabant:
1292 1817 1422 1847 aucem'

61 1874 154 1898 eum.
186 1862 319 1898 Turio.
353 1877 430 1904 am.⁴
457 1877 548 1899 eum.
581 1864 710 1900 Guelf.
746 1874 783 1900 et
815 1877 885 1900 am.
917 1873 992 1902 aut.
1025 1879 1054 1901 e.
1278 1868 1326 1903 ab
1357 1882 1411 1903 eo.

61 1918 125 1954 Sic
156 1917 288 1954 Turic.
318 1918 423 1971 Flor.
456 1920 575 1956 Goth.
604 1923 693 1965 (tac.
724 1921 855 1965 Gesn.)
885 1921 1018 1971 Camp.
1053 1922 1143 1959 ΑΜ.
1174 1924 1269 1960 Bad.
1304 1924 1414 1962 Bafil.

6 1973 47 2048 ἐξ
59 1973 221 2024 Reliqui
248 1974 294 2010 ab
314 1972 394 2012 illo:
413 2026 417 2028 ἡ

13 2051 44 2118 ᾗ
147 2063 238 2098 127.
269 2056 366 2089 enim
388 2055 605 2103 optandum.
638 2056 772 2092 Turic.
796 2056 902 2096 Flor.
921 2071 950 2093 e.
973 2057 1118 2105 aliquid
1141 2071 1175 2094 ο.
1199 2071 1288 2094 cum
1310 2059 1431 2099 Alm„

60 2110 241 2159 Suspicor
257 2109 543 2160 fuiss'eulioqui.
604 2112 678 2148 Sed
699 2125 772 2160 pro
794 2113 901 2160 foret
919 2114 1051 2148 Turic.
1069 2113 1182 2161 fore,
1213 2114 1420 2164 Aln1.fere

31 2166 128 2212 '(cf.
158 2162 282 2212 126.).
517 2177 583 2202 aut
605 2167 754 2216 saltem.
806 2169 942 2204 Turic-
979 2168 1083 2206 Flor.
1120 2170 1247 2207 Guelf.
1284 2174 1419 2222 Camp-

60 2221 180 2258 Goth.
206 2222 305 2260 Jeus.
338 2224 426 2265 (tac.
463 2224 594 2272 Gefn.)
623 2238 666 2258 ac
690 2222 724 2271 s.
759 2237 847 2261 cum
879 2225 984 2263 Voss'.
1012 2236 1048 2261 2.
1073 2235 1109 2269 3.
1145 2237 1183 2262 et
1216 2228 1302 2265 edd.
1333 2241 1419 2265 ante

59 2278 153 2314 Bad.
175 2277 371 2314 acc.13afil.
595 2282 798 2327 proximos,
822 2281 880 2316 illi
897 2282 990 2317 viro.
1004 2282 1138 2318 Turio.
1153 2283 1181 2316 F
1184 2281 1257 2319 lor.
1280 2287 1421 2333 primos

60 2337 87 2372 ἰ.
119 2335 232 2372 viros.
264 2333 391 2372 Guelf.
423 2334 490 2370 illo
523 2348 597 2385 pro
630 2336 699 2372 illi.
954 2337 1027 2373 Sed
1065 2338 1247 2386 placebat.
1282 2342 1415 2380 Turio.

123 2465 214 2505 126.
253 2466 466 2515 defluebant
491 2467 709 2518 —descen-
764 2482 848 2504 ram
906 2470 1157 2508 Francianam
1218 2473 1420 2523 desciverat

62 2524 180 2561 derat.
210 2524 268 2561 Cf.
297 2539 331 2565 1,
364 2531 412 2570 8,
445 2537 482 2573 9.
540 2527 710 2575 Egregia
764 2538 840 2574 pro
874 2525 1120 2574 descenderat.
1178 2531 1228 2566 Et
1265 2544 1334 2573 en,
1364 2533 1418 2568 ita

58 2580 276 2632 Proprietas
320 2579 568 2617 elocutionis.
630 2583 711 2629 Qui
767 2581 921 2618 dantem
935 2584 1419 2639 Campanum!(cf.§.94.)

57 2637 192 2687 §up-iat
216 2637 332 2679 noffe,
364 2638 460 2686 quid
491 2639 536 2674 fit
568 2639 650 2673 sana
672 2650 710 2674 et

18 2719 21 2723 -
65 2692 251 2742 elegantia
297 2694 485 2730 mutando
532 2707 708 2730 corrum-
830 2705 923 2739 127.
970 2699 1066 2733 enim
1099 2700 1317 2747 optandum.
1369 2702 1416 2739 cf.

63 2761 164 2798 pere,
189 2750 223 2786 is
245 2750 376 2786 videat
393 2750 495 2786 mihi
510 2752 707 2797 conjectu·
764 2762 843 2788 not.
876 2752 964 2789 crit.
