1676 3028
313 236 477 283 INST.
515 238 794 285 ORATOR.
820 239 949 301 Lm.
984 238 1082 295 XI,
1130 248 1174 282 2.
1318 248 1412 307 307

68 360 232 432 Quod
263 361 330 412 de
357 363 520 414 domo
547 364 684 422 dixi,
716 374 773 412 et
801 365 859 412 in
883 362 1133 429 operibus
1155 361 1401 428 publicis,
1426 383 1477 409 21

32 439 38 452 ⁸
68 448 123 490 et
142 442 202 488 in
223 440 413 490 itinere
441 442 623 507 longo,
661 451 724 490 ut
743 442 959 490 urbium
986 439 1203 497 ambitu,
1245 449 1296 488 et
1325 441 1410 506 pi-

23 554 25 556 -
70 517 257 575 otiaris,
304 516 427 566 fieri
463 517 644 584 potest.
737 519 907 567 Etiam
936 516 1145 582 >fingere
1179 514 1280 565 fibi
1312 517 1408 568 has

67 593 323 659 imagines
344 595 480 643 licet.
562 599 710 662 Opus
734 594 807 643 est
830 612 956 661 ergo
976 595 1121 652 locis,
1159 610 1295 659 quae
1315 595 1406 643 vel

48 667 378 736 finguntur,
425 670 515 721 vel
548 670 857 721 sumuntur:
910 670 1258 737 imaginibus,
1315 672 1406 720 vel

64 744 371 807 simulacris,
405 764 538 813 quae
559 749 744 812 utique
765 748 1017 815 fingenda
1035 746 1168 797 sunt.
1214 749 1404 813 Imagi-

62 839 159 874 nes
197 835 353 875 notae
393 824 542 883 sunt,
588 826 786 891 quibus
817 844 902 886 ea,
952 842 1087 893 quae
1124 822 1403 874 ediscenda

147 978 212 1005 21.
244 977 287 1005 ut
314 969 468 1005 urbium.
509 969 643 1018 Camp.
669 978 705 1004 et
733 967 877 1004 urbium
907 981 994 1003 cum
1028 969 1146 1005 Goth.

203 1033 315 1061 notae
326 1025 428 1075 sunt.
458 1026 591 1062 'rm-ic.
613 1039 712 1061 voce.
723 1025 826 1060 Plor.
848 1034 944 1059 note.
959 1025 1086 1061 Guelf.
1110 1025 1194 1070 (hic
1213 1040 1261 1062 an
1281 1026 1401 1062 omit-

60 1092 159 1118 teret
179 1079 287 1131 sunt,
317 1095 398 1118 non
428 1082 585 1122 notavi3
616 1083 786 1130 suspicor
806 1083 951 1125 tamen)
981 1082 1074 1116 Exc.
1099 1083 1250 1117 Santen.
1281 1095 1401 1118 voces.

61 1138 174 1175 Certe
188 1138 296 1186 quod
310 1137 495 1186 vulgatur
517 1138 683 1173 otiosum
704 1138 752 1174 est
771 1148 808 1173 et
831 1137 1003 1183 ejusdem
1024 1137 1209 1173 vocabuli
1221 1147 1402 1173 notae—

59 1204 231 1231 notamus
259 1194 465 1230 iteratione
497 1193 682 1231 deforme.
748 1195 832 1230 Nec
865 1194 1079 1242 quidquam
1112 1195 1200 1230 vidi
1232 1193 1401 1230 similius

60 1249 202 1298 gloffae
228 1264 253 1286 e
281 1251 455 1299 margine
496 1261 646 1286 textum
674 1251 875 1286 invadenti
905 1263 1021 1298 quam
1056 1250 1168 1285 haec:
1213 1252 1402 1298 Imagines

59 1316 175 1342 notae
195 1305 306 1355 sunt,
335 1306 402 1343 vel
433 1307 547 1341 etiam
577 1307 721 1354 absque
744 1306 844 1355 sunt.
902 1307 994 1343 Vox
1023 1317 1149 1341 autem
1170 1307 1300 1356 quibus
1320 1307 1401 1341 fine

59 1360 124 1398 his
153 1363 300 1412 optime
329 1362 545 1412 applicatur
571 1362 652 1399 illis
681 1362 874 1412 proximis
893 1375 963 1411 per
982 1363 1228 1411 parenthesin
1248 1362 1402 1398 insertis

51 1483 158 1534 fiunt
177 1484 334 1535 fingula
353 1494 527 1522 connexa.
585 1489 698 1522 Dum
758 1500 854 1536 quae
886 1486 935 1522 est
961 1487 1004 1521 in
1023 1485 1203 1522 choream
1225 1485 1401 1522 ducenti-

55 1542 146 1578 suus
184 1543 309 1580 cuivis
347 1541 437 1578 loco
466 1542 589 1578 sensus
620 1543 699 1578 affi-

55 1608 218 1646 gnatur,
246 1599 483 1643 recensendis
514 1599 698 1636 omnibus

57 1654 104 1690 ab
129 1647 252 1691 ‘initio
278 1655 376 1691 locis
407 1654 511 1690 nihil
535 1668 606 1692 nos
627 1669 699 1704 po-

55 1710 125 1746 test
146 1711 335 1760 effugere,
366 1724 435 1747 nec
457 1712 699 1759 praepostero

38 1766 205 1802 ⁴ordine·
221 1767 412 1815 proferri;
437 1768 553 1803 simul
573 1778 701 1803 autem

56 1821 111 1858 ita
144 1821 383 1858 dirimuntur
417 1836 573 1871 quoque
608 1838 627 1858 a
665 1824 700 1858 [e

56 1877 229 1913 invicem
251 1879 373 1914 sensus
398 1879 552 1920 diversi,
584 1890 627 1914 ut
650 1878 701 1913 al·
748 1878 753 1882 ⁵

56 1943 115 1969 ter
155 1934 200 1970 in
236 1933 400 1971 alterum
432 1949 480 1970 ne
519 1936 700 1970 incurrat.

53 1989 184 2026 Habet
203 1992 288 2034 [ane
302 1989 579 2032 difficultatem,
594 1991 702 2039 quod

54 2043 156 2091 fiunt
185 2047 365 2096 jungitur
386 2047 593 2097 participio
616 2061 701 2083 con-

57 2115 174 2142 nexa,
215 2117 307 2152 prae
344 2105 486 2152 quibus
520 2115 699 2153 expectes

57 2159 341 2198 connectuntur-3
387 2160 460 2195 nifi
495 2160 616 2201 forte,
656 2161 699 2197 id

58 2214 166 2261 quod
188 2229 327 2252 verum
350 2217 504 2257 censeo,
534 2214 699 2252 conae-:ra

55 2267 125 2305 hic
165 2272 337 2308 nominis
378 2273 561 2318 adjectivi
590 2283 698 2322 pote-

56 2324 147 2362 state
169 2328 364 2368 dicuntur,
395 2329 460 2363 cui
483 2338 609 2364 tamen
630 2329 699 2364 ob-

54 2380 126 2421 stat
152 2384 354 2431 adjunctus
379 2385 470 2420 voci
491 2384 697 2427 ablativus,

57 2439 160 2475 unde
179 2441 379 2489 participii
389 2441 608 2490 proprietas
619 2454 698 2476 ma-

55 2493 118 2543 gia
136 2497 366 2545 agnoscitur.
424 2523 448 2538 ‚‚
463 2497 581 2533 Choro
601 2511 698 2546 quo-

48 2564 85 2592 ‘=‚
96 2550 217 2588 darn“
245 2553 340 2588 haec
370 2552 515 2600 singula
534 2567 700 2590 connexa

58 2604 295 2659 fignificavit
325 2610 398 2657 Qu.
433 2610 461 2644 si
482 2620 584 2645 recte
605 2610 700 2657 legi-

58 2663 316 2705 musicem,
348 2667 479 2714 petita,
511 2679 590 2701 non
614 2668 699 2715 qui-

62 2716 151 2753 dem
171 2731 193 2754 a
213 2722 343 2762 domo,
372 2723 414 2757 in
437 2735 508 2770 qua
531 2724 702 2758 versaba-

62 2785 178 2814 mur.
205 2777 473 2820 fimilitudine,
495 2779 566 2831 ,sed
594 2780 640 2816 ab
662 2794 703 2816 ea

755 1543 828 1579 bus
872 1556 1058 1577 manuum
1098 1542 1401 1589 conjunctione3

757 1610 795 1635 et
820 1599 946 1634 suadet
974 1598 1046 1634 tale
1074 1599 1170 1647 quid
1197 1599 1310 1634 etiam
1332 1597 1401 1634 hie

754 1656 921 1705 probare
943 1655 1051 1691 locus
1079 1656 1199 1690 nostri
1220 1655 1401 1703 geminus

756 1724 794 1760 9,
815 1718 855 1758 4,
882 1722 970 1759 129.
1002 1712 1201 1752 „membra
1225 1723 1400 1747 connexa

757 1769 871 1808 „sunt
890 1786 944 1794 —
965 1778 1007 1803 ut
1036 1767 1215 1803 homines
1231 1785 1288 1794 -—
1307 1780 1400 1803 conr

754 1824 996 1864 „tinentur.“

816 1889 881 1915 21.
908 1879 1039 1925 Etiam
1057 1878 1206 1928 fingere
1224 1900 1282 1908 -—
1301 1880 1399 1917 licet.

759 1935 890 1971 RIiror
913 1936 1110 1972 neminem
1131 1936 1294 1972 haesisse.
1335 1938 1400 1972 In-

758 1992 966 2041 commode
1054 2003 1155 2028 certe
1221 1994 1402 2040 imagines

757 2048 822 2084 hic
861 2047 1068 2096 appellavit
1097 2049 1243 2090 noster,
1294 2047 1403 2096 quod

757 2106 830 2140 loci
859 2103 1054 2140 vocabulo
1075 2106 1286 2154 indigebat,
1311 2117 1403 2140 cum

756 2174 852 2199 mox
873 2171 910 2196 et
929 2161 1008 2209 ipse
1030 2173 1067 2197 et
1089 2174 1222 2197 omnes
1237 2162 1401 2197 omnino

755 2218 959 2266 scriptores
979 2217 1022 2252 in
1042 2219 1303 2253 mnemonices
1327 2227 1401 2252 tra-

757 2274 924 2309 ctatione
956 2275 1137 2321 imagines
1165 2273 1296 2309 sedulo
1323 2272 1401 2308 dis·

758 2340 916 2365 cernant
935 2343 954 2363 a
975 2330 1074 2365 locis.
1132 2330 1273 2377 Neque
1291 2328 1400 2364 enim

757 2386 970 2434 quidquam
998 2385 1175 2433 profecto
1196 2385 1329 2421 voluit
1354 2385 1402 2420 fi·

756 2442 956 2493 gnificare,
968 2442 1040 2476 nisi
1059 2441 1165 2489 quod
1177 2442 1291 2478 etiam
1310 2441 1402 2476 ficta

757 2499 948 2538 aedificia,
972 2510 1052 2533 non
1071 2498 1191 2533 modo
1214 2511 1311 2546 quae
1332 2497 1401 2532 au-

758 2556 850 2590 cubi
895 2555 1156 2590 inveniuntur
1206 2564 1399 2594 extructa,

756 2612 911 2660 poffunt
923 2611 1106 2647 inservire
1118 2608 1282 2646 artificio
1295 2623 1402 2645 mne·

758 2668 932 2702 monico.
992 2667 1100 2701 Idem
1123 2667 1236 2702 docet
1254 2668 1402 2702 Heren-

758 2725 898 2759 nianus
921 2732 960 2767 5,
989 2734 1051 2771 19.
1075 2733 1170 2758 extr.

820 2789 932 2815 notae
943 2778 1044 2829 sunt.
1067 2780 1115 2815 cf.
1135 2790 1217 2817 not.
1235 2781 1319 2817 crit.

865 2859 954 2895 112
