1696 3016
338 271 370 319 4
633 261 706 305 Μ.
756 262 887 307 FAB.
933 245 1339 321 QUIN‘rleANt

293 396 316 435 4
338 378 498 433 bendi
520 398 728 447 quoque
747 377 1113 451 diligentiam.
1173 385 1271 434 Sed
1292 397 1352 436 ut
1373 391 1639 454 perveniri

335 460 400 508 ad
425 459 644 514 summa,
683 457 781 505 nifi
816 474 877 505 ex
906 461 1174 524 principiis
1207 477 1315 510 non
1342 463 1530 526 potest:
1566 467 1638 514 ita

330 534 643 600 procedente
675 535 775 591 jam
806 550 960 596 opere
990 536 1204 582 minima
1236 533 1494 600 incipiunt
1526 538 1637 597 effe,

329 625 461 674 quae
481 609 646 672 prima
670 605 822 654 sum.-
876 611 1069 656 Verum
1090 625 1184 657 nos
1202 625 1338 667 non,
1367 614 1636 676 quomodo

322 681 673 732 «instituendus
703 692 898 738 orator,
937 683 1038 730 hoc
1067 684 1183 731 loco
1213 683 1463 736 dicimus:
1515 706 1634 736 nam

326 750 385 806 ic'l
415 757 628 820 quidem
659 765 746 802 aut
779 755 923 812 satis,
965 767 1054 804 aut
1083 768 1215 804 certe
1245 760 1324 806 uti
1352 751 1635 823 potuimus,

327 829 655 881 dictum⁷est2
696 828 783 877 sed
816 831 1025 887 athleta,
1063 832 1157 895 qui
1192 849 1369 883 omnes
1397 838 1496 895 jam
1520 854 1634 902 per-

411 958 447 995 4.
482 949 671 998 pervenit-5.
717 949 846 985 Turic.
873 949 971 986 Flor.
994 952 1189 998 pervenire.
1415 954 1464 990 ad
1477 954 1630 1003 summa.

326 1009 455 1055 Camp.
487 1005 601 1042 Goth.
620 1005 714 1042 Jens.
745 1009 838 1048 (tac.
865 1007 996 1054 Gcsn.)
1025 1007 1072 1041 cul
1090 1005 1269 1054 summam
1298 1019 1384 1042 cum
1405 1005 1508 1046 Voss’.
1529 1020 1564 1046 2.
1595 1021 1631 1046 et

323 1063 406 1098 edd.
429 1071 511 1095 ante
531 1060 635 1095 Bam.
675 1060 730 1095 Cf.
758 1075 773 1094 1
807 1063 892 1096 Pro.
918 1071 981 1095 2ο.
1015 1074 1075 1102 10,
1096 1072 1140 1104 4,
1169 1073 1203 1108 9.
1423 1066 1503 1109 jam
1523 1079 1631 1112 opere

321 1119 479 1152 minima.
537 1115 666 1150 Turio.
696 1114 796 1149 flor.
819 1115 940 1150 Guelf.
962 1118 1051 1150 Exc.
1074 1119 1171 1151 Sant.
1199 1117 1309 1152 Tarv.
1328 1119 1423 1156 Jens.
1446 1122 1476 1164 j.
1500 1133 1533 1154 ο.
1550 1122 1630 1164 jam

322 1187 368 1208 m.
426 1170 623 1218 Expunxit
646 1169 799 1216 Regius.
856 1172 915 1205 An
950 1171 1023 1206 suit
1055 1172 1267 1218 procedente
1296 1174 1404 1208 etiam
1430 1187 1536 1222 opere
1549 1176 1630 1219 jam

319 1229 398 1262 m‚?
620 1225 798 1272 quomodo
828 1223 1068 1272 instituendus.
1124 1228 1186 1260 Sic
1217 1227 1346 1263 Turic.
1375 1228 1474 1264 Flor.
1502 1228 1627 1267 Guelf.

319 1283 448 1329 Camp.
479 1292 566 1315 cum
595 1279 710 1314 Goth.
742 1280 842 1315 Voss'.
875 1291 909 1315 2.
941 1291 976 1316 et
1008 1281 1090 1316 edd.
1120 1291 1202 1316 ante
1223 1281 1329 1316 Bafil.
1351 1283 1508 1331 Reliqui
1534 1284 1626 1319 inse-

316 1347 406 1372 runt
422 1334 485 1384 fic.
671 1332 740 1381 sed
768 1335 915 1370 athleta.
968 1336 1103 1371 Turio.
1122 1335 1155 1383 s.
1177 1337 1336 1372 adbleta.
1392 1337 1492 1373 Flor.
1506 1337 1540 1386 s.
1561 1339 1625 1373 ad·

317 1391 390 1426 leta
416 1402 502 1425 cum
533 1389 629 1424 Alm.
663 1402 680 1422 a
711 1389 776 1423 seo.
803 1403 918 1424 manu
951 1401 1109 1437 uterque
1145 1390 1178 1439 s.
1208 1400 1248 1425 ut
1274 1405 1308 1426 a.
1345 1403 1382 1428 et
1407 1394 1454 1428 fic
1481 1392 1625 1440 reliqui

316 1459 446 1481 omnes
474 1456 510 1480 et
537 1444 665 1491 scripti
685 1454 721 1477 et
741 1445 862 1478 excusi
883 1455 966 1479 ante
985 1445 1070 1480 Ald.
1092 1459 1164 1480 ace.
1185 1446 1275 1481 Bad.
1333 1446 1404 1482 Ille
1427 1460 1513 1482 cum
1534 1447 1623 1484 reli-

316 1501 401 1548 quis
425 1498 457 1548 s.
479 1509 518 1534 ut
539 1499 722 1534 athletam.
918 1512 1048 1534 omnes.
1107 1500 1168 1534 Sic
1190 1499 1295 1535 Basti.
1354 1503 1471 1536 omnis
1490 1502 1619 1538 Turio.

313 1555 415 1592 Flor.
471 1554 544 1591 Sed
564 1567 584 1588 a
604 1554 670 1589 sec.
690 1565 806 1588 manu
828 1563 987 1602 uterque
1015 1556 1138 1589 omnia
1158 1567 1244 1590 cum
1267 1555 1440 1603 reliquis.

311 1653 479 1702 intelligi
533 1654 669 1690 debere
720 1653 939 1692 ‘lectionem5
1051 1659 1085 1697 4.
1141 1654 1323 1701 quomodo
1373 1651 1618 1702 instituendus.

311 1724 406 1758 quae
437 1709 633 1758 quomodo
663 1707 937 1756 comprehendi
994 1709 1106 1754 Quod
1124 1710 1353 1745 recentiores
1378 1709 1442 1745 hic
1462 1712 1619 1746 neceffa-

307 1765 420 1814 poffit
446 1775 483 1799 et
505 1763 703 1811 fignificari
722 1764 934 1801 imitatione,
990 1765 1050 1799 rio
1081 1764 1322 1811 interponere
1353 1764 1421 1800 fibi
1447 1766 1516 1800 vifi
1536 1766 1620 1801 sunt

307 1819 502 1855 fateorme
521 1832 652 1866 parum
672 1818 823 1864 affequi.
851 1818 934 1852 Nec
980 1817 1054 1867 fit,
1096 1813 1269 1853 cliffertur
1296 1830 1332 1854 et
1358 1820 1438 1867 post
1465 1832 1618 1868 praepa·

307 1876 506 1921 quisquam
527 1875 638 1908 haefit
658 1875 697 1908 in
715 1872 813 1907 loco.
842 1873 932 1906 Por·
988 1874 1120 1908 randus
1185 1873 1337 1908 demum
1403 1885 1615 1922 comparem

308 1929 392 1964 taffe
423 1929 692 1965 consuetudine
722 1928 933 1973 frequenta-
988 1941 1201 1975 quanquam
1219 1928 1372 1964 duriore
1388 1929 1613 1977 hyperbato,

306 1994 386 2019 tum
406 1985 491 2025 fuit,
513 1994 567 2024 ut,
596 1996 679 2018 cum
700 1982 930 2016 imitationis

305 2033 407 2073 causa
429 2039 676 2086 susciperetur
699 2037 812 2072 lectio
832 2037 929 2083 opti·

303 2106 454 2133 morum
476 2093 711 2140 scriptorum,
739 2092 814 2138 ipsa
834 2103 927 2137 quo-

303 2161 377 2196 que
405 2149 496 2184 haec
525 2148 707 2182 tractandi
732 2146 852 2180 libros
870 2147 926 2180 in·

304 2202 440 2237 dustria
465 2203 630 2238 imitatio
663 2200 926 2250 appellaretur.

301 2258 356 2292 Ita
391 2270 486 2306 opus
520 2257 619 2292 illud
638 2255 815 2302 Dionyfii
838 2254 923 2290 Hal.

300 2325 379 2360 quo
409 2323 580 2348 veterum
613 2322 806 2346 oratorum
824 2310 924 2356 jndi-

298 2367 356 2402 cia
383 2368 590 2414 proponit,
616 2367 798 2412 cujusque
828 2376 923 2398 non-

296 2422 366 2456 nist
405 2420 553 2469 aliquot
594 2431 716 2468 partes
753 2418 921 2465 reliquae

293 2475 410 2511 factae
435 2477 538 2517 sunt,
566 2476 787 2522 inscriptum
811 2473 920 2508 fuiffe

293 2530 447 2566 videtur
485 2532 530 2566 de
571 2532 792 2568 imitatione,
841 2539 918 2574 quo

291 2583 417 2620 indice
438 2595 670 2621 memoratur
682 2598 699 2617 a
715 2582 916 2618 Scholiaste

288 2639 544 2688 Hermogenis
569 2638 611 2675 τδ
633 2638 706 2684 περὶ
728 2638 915 2683 μιμήσεως.

257 2716 265 2729 t
286 2694 378 2732 Vid.
407 2695 566 2741 Taylori
602 2695 723 2730 Lectt.
760 2693 845 2740 Lys.
876 2703 913 2739 p.

286 2747 430 2797 (Rsk.)
457 2749 544 2785 162.

986 1983 1047 2016 sed
1065 1995 1141 2030 quo
1162 1982 1386 2030 brevitatem
1406 1994 1442 2019 et
1456 1996 1613 2019 acumen

986 2037 1182 2084 quaesterit
1207 2037 1340 2072 noster.

1043 2104 1164 2126 omnes
1183 2112 1234 2118 —-
1256 2105 1431 2128 numeros.
1486 2092 1611 2129 Palae-

983 2147 1083 2182 strici
1114 2149 1251 2181 numeri
1267 2147 1406 2182 iterum
1430 2147 1610 2184 dicuutur

984 2215 1002 2235 a
1022 2201 1147 2235 nostro
1175 2212 1233 2241 12,
1256 2211 1292 2240 2,
1319 2212 1379 2237 12.
1406 2202 1452 2238 cf.
1471 2213 1506 2249 9,
1522 2209 1556 2244 4,
1570 2209 1607 2246 8.

981 2257 1074 2291 item
1108 2265 1154 2295 2,
1186 2263 1232 2300 8,
1269 2265 1328 2299 15.
1368 2257 1438 2292 ubi
1466 2258 1606 2304 politus

981 2313 1139 2346 Senecae
1176 2310 1283 2346 locus
1319 2321 1465 2358 praeter
1495 2324 1607 2346 nexus

978 2366 1133 2412 „magni
1159 2365 1380 2400 luctatoris“
1407 2365 1519 2400 etiam
1541 2380 1604 2401 nu·

981 2433 1095 2454 meros
1118 2419 1239 2455 habet.
1295 2419 1401 2454 Adde
1428 2420 1603 2458 Juvenal.

979 2475 1013 2512 6,
1045 2480 1133 2519 249.
1174 2475 1242 2509 ubi
1270 2474 1407 2508 femina
1444 2487 1604 2515 „omnes

974 2528 1110 2575 implet
1128 2541 1292 2563 numeros
1304 2533 1338 2548 ““
1355 2529 1601 2577 palaestricos.

974 2584 1036 2617 cui
1056 2583 1142 2619 loco
1161 2596 1238 2618 non
1256 2582 1352 2618 male
1363 2583 1599 2619 Forcellinus

972 2639 1118 2672 confert
1156 2638 1314 2673 alterum
1355 2639 1524 2683 ejusdem
1559 2646 1596 2681 5,

976 2703 1076 2732 122..
1101 2693 1141 2727 iu
1165 2705 1241 2741 quo
1262 2693 1479 2728 structorem
1491 2706 1595 2728 men-

968 2747 1023 2783 sae
1037 2747 1212 2789 „volanti
1229 2747 1414 2784 cultello“
1432 2758 1469 2785 et
1485 2746 1595 2789 „chi-
