1676 3028
369 189 532 236 ῙΝΒΤ.
560 152 848 236 ORATOR.
885 188 1007 235 Lm.
1036 151 1132 245 XI,
1171 201 1220 231 9..

1367 201 1463 248 299

71 386 73 389 .
100 316 246 388 ¹pora
269 314 375 367 suis
407 299 702 366 reddidisse.
725 339 727 342 ·
794 314 881 365 Est
905 324 1081 365 autem
1107 330 1298 380 magna
1321 314 1462 364 inter
1488 330 1539 374 ¹4

38 424 42 426 >
115 404 358 445 auctores
380 393 640 454 diffenfio,
667 394 939 447 Glaucone
962 389 1220 457 Carystio,
1245 408 1311 440 an
1325 395 1462 440 Leo-

399 516 401 518 ·
954 510 964 524 Ι

117 538 176 588 gii
210 539 463 587 conjectura)
489 540 630 576 ordinis
662 549 752 575 cum
793 536 879 574 edd.
909 535 1066 587 posterr.
1102 548 1188 574 ante
1219 538 1353 575 Burm.
1386 549 1463 574 acc.

119 597 285 647 Capper.

205 694 267 733 14-
299 685 483 738 Carystio.
514 687 618 724 Flor.
650 686 778 724 Guelf.
810 687 904 722 Exc.
938 689 1090 723 Santen.
1127 683 1300 733 Car-estio.

1363 685 1407 719 M
1412 694 1463 718 ox

117 743 325 781 Leocranai
352 744 456 781 Flor.
477 758 565 780 cum
586 744 690 781 Voff.
717 754 751 780 2.
784 744 1019 791 anagatacho
1042 743 1171 780 Guelf.
1192 745 1286 778 Exc.
1310 744 1464 778 Santen.

110 799 275 850 schopae
302 802 448 842 iidem,
490 800 674 837 omnibus
700 800 822 842 locis,
863 801 934 837 ubi
962 799 1078 836 semel
1107 799 1358 846 (15)'Turic.
1381 796 1463 847 sco·
1512 816 1521 820 -

114 924 255 963 huerac.
329 926 432 962 Nam
463 925 514 960 sic
553 935 588 960 et
618 925 755 961 Cicero

111 981 247 1030 „quod
266 981 510 1020 meminiss‘et,
528 994 606 1030 quo
618 994 755 1017 eorum

111 1037 228 1079 „loco
259 1039 426 1090 quisque
458 1035 675 1086 cubuiſjbtf‘
705 1036 753 1072 cf.

110 1097 147 1143 §·
173 1105 210 1131 2.
239 1096 369 1131 ordine
389 1093 561 1142 refutare.

172 1165 186 1186 ι
196 1157 234 1199 4.
249 1166 451 1200 magna—
461 1149 644 1200 dzffenfio.
670 1151 756 1187 Nos

43 1215 45 1219 “
112 1208 272 1259 quidem
296 1208 447 1244 erudita
467 1208 573 1247 haec,
587 1207 754 1256 Jupiter,

113 1275 151 1300 et
178 1265 315 1313 ingens
338 1264 599 1300 controversia
627 1263 755 1304 latuit,

110 1320 437 1356 intercidentibus
483 1333 637 1360 eorum,
688 1320 758 1368 qui

112 1378 335 1426 agitaruut,
403 1377 757 1413 Grammaticorum

113 1433 312 1483 operibus.
380 1434 487 1480 Quos
520 1447 608 1469 cum
641 1445 757 1481 agno-

113 1490 258 1526 scamus
298 1489 530 1538 plerosque,
588 1489 756 1525 Alexan-

115 1546 221 1582 drini
253 1545 364 1582 illius
398 1546 521 1583 musei
554 1545 754 1586 alumnos,

112 1604 315 1652 negotium
337 1614 463 1639 tamen
484 1602 667 1638 facefl'unt
680 1603 757 1637 Eu-

113 1655 278 1708 ryp‘ylus
319 1671 356 1696 et
387 1658 546 1708 Apollas
577 1658 756 1695 Callima-

114 1716 223 1753 chuS.
284 1717 465 1764 Quorum
494 1716 636 1764 prioris
656 1716 759 1751 noti·

112 1772 165 1808 tia
205 1773 290 1810 erui
325 1772 430 1822 poll'e
461 1771 620 1807 videtur
650 1770 759 1807 nulla

114 1829 190 1874 (cf.
218 1843 287 1870 10,
311 1829 355 1869 6,
382 1831 464 1875 4.);
498 1827 656 1863 alterius
689 1829 758 1863 no'·

111 1898 203 1934 men
242 1886 271 1921 si
302 1885 495 1922 diversum
529 1885 578 1920 est
609 1884 655 1920 ab
685 1883 758 1920 illo

114 1935 308 1978 clariffimi
336 1953 496 1991 poetae,
526 1941 640 1991 plane
659 1940 760 1977 ludi-

113 1998 254 2035 [icatur
275 2012 346 2035 nos
370 1999 484 2039 casus,
514 2012 602 2034 cum
625 1998 761 2034 suidas

115 2057 181 2098 (v.
225 2053 454 2100 Σιμωνίδης)
507 2053 760 2096 Callimachi,

115 2125 233 2160 quem
263 2113 397 2147 diserte
430 2112 671 2160 Cyrenaeum
692 2124 762 2147 vo-

115 2172 187 2209 cat,
201 2169 437 2218 epigramma
459 2168 602 2209 afferat,
625 2168 667 2202 in
681 2181 760 2215 quo

115 2223 220 2260 illud
241 2225 363 2273 ipsum
387 2224 582 2272 proditur,
614 2225 660 2259 de
682 2237 761 2272 quo

44 2323 46 2326 y
115 2279 183 2316 hic
206 2282 286 2330 agit
306 2281 380 2327 Qu.
396 2280 648 2330 Vid.1·‘ragm.
677 2281 758 2316 cal-

115 2335 200 2373 lim.
223 2347 290 2382 71.
321 2337 392 2373 ubi
421 2336 625 2373 rectiffimc
648 2339 762 2374 Bent-

112 2392 215 2440 'lejus
246 2393 380 2430 locum
414 2393 530 2430 illum
553 2408 571 2430 a
595 2395 670 2442 Qu.
699 2393 762 2430 de-

115 2450 322 2486 monstrari
343 2462 487 2487 monet.
546 2453 687 2500 Neque
709 2461 762 2486 ta-

94 2512 222 2542 'tmen‘
242 2508 451 2556 quisquam
485 2507 669 2544 inventus
713 2509 765 2544 est

109 2563 307 2605 ''veterum,
329 2564 398 2613 qui
416 2564 493 2600 hoc
515 2566 764 2615 cognominis

104 2618 338 2668 :imponeret
368 2620 622 2658 Callimacho.
672 2621 766 2658 Olet

120 2676 248 2718 antem
285 2676 385 2712 illud
422 2677 536 2727 plane
567 2679 764 2727 Syriacam

122 2731 330 2769 nominum
357 2745 535 2771 veterum
565 2738 766 2786 corrupte·

812 925 913 967 lam,
964 926 1188 972 cujusmodi
1232 924 1282 960 est
1322 924 1461 964 Lucas,

813 982 922 1018 Silas.
1009 982 1206 1030 Equidem
1236 982 1380 1016 saevam
1412 979 1462 1013 sa-

811 1052 860 1075 ne
904 1039 966 1074 sed
1017 1039 1250 1085 praesentem
1302 1035 1462 1071 medici·

812 1109 901 1131 nam
933 1094 1193 1131 adhibendam
1226 1093 1380 1132 censeo,
1419 1101 1463 1126 ut

812 1153 1004 1188 resecetur
1026 1151 1206 1200 Apollas,
1244 1149 1355 1186 velut
1375 1161 1461 1198 per-

813 1223 944 1258 peram
975 1208 1183 1256 repetitum
1211 1221 1258 1243 ex
1287 1218 1332 1242 eo
1354 1203 1463 1254 quod

813 1266 1010 1315 praecedit
1019 1264 1284 1313 Apollodorus.
1303 1261 1463 1298 Schnei-

816 1322 931 1364 dherus
955 1322 1114 1370 quidem
1138 1321 1179 1355 in
1198 1319 1396 1356 Addendis
1417 1317 1465 1353 ad

815 1378 931 1415 Polit.
955 1376 1172 1413 Aristotelis
1195 1377 1251 1426 (p.
1270 1377 1383 1424 491.)
1400 1375 1463 1422 de·

816 1434 999 1470 monstrat
1030 1433 1211 1482 Apollam
1241 1433 1464 1480 scriptorem

816 1491 919 1539 apud
954 1490 1195 1526 Athenaeum
1232 1502 1269 1538 9.
1305 1502 1342 1537 p.
1367 1487 1465 1535 569,

816 1548 1014 1593 adjuncto,
1036 1546 1105 1595 qui
1126 1546 1369 1582 correctione
1381 1545 1467 1594 pos-

814 1605 862 1640 sit
893 1605 1030 1640 eodem
1060 1602 1210 1652 redigi,
1258 1601 1397 1652 Apella
1429 1611 1467 1637 2.

815 1675 852 1710 p.
876 1661 940 1704 65,
963 1661 1265 1709 [ιιεάεῑςιιειτιιη
1283 1659 1467 1706 Apellam

819 1718 1098 1754 Callimachium
1128 1718 1242 1754 scribi
1263 1727 1329 1752 aut
1348 1715 1465 1750 inseri

818 1784 985 1821 eaquae
1008 1775 1084 1821 jam
1098 1773 1268 1821 Bentleji
1284 1772 1362 1808 fuit
1385 1785 1465 1806 me-

818 1831 959 1867 dicina.
1042 1830 1299 1866 Posteriorem
1344 1829 1464 1864 ratio-

818 1901 908 1923 nem
925 1886 1136 1934 prohibere
1159 1887 1329 1927 videtur,
1359 1884 1468 1933 quod

819 1943 974 1980 nonnisi
987 1957 1107 1979 unum
1126 1943 1330 1979 hominem
1343 1941 1468 1989 Quin·

821 2001 959 2036 tiliano
989 2000 1261 2039 *obversatum
1313 1999 1468 2035 testatur

818 2057 921 2093 illud
944 2058 1050 2105 quod
1074 2057 1228 2102 subjicit
1249 2062 1468 2104 pronomen

820 2128 936 2162 quem.
981 2113 1156 2150 Alteram
1187 2111 1468 2150 difficillimam

819 2171 988 2206 reddunt
1027 2171 1159 2208 relicti
1200 2169 1315 2206 nobis
1347 2168 1468 2204 hodie

819 2228 950 2262 versus
971 2233 1109 2275 poe'tae
1129 2226 1340 2275 Cyrenaei,
1371 2236 1468 2272 quo-

818 2297 908 2318 rum
939 2297 1020 2319 nou
1056 2283 1272 2319 meminiffe
1303 2281 1373 2316 vix
1401 2293 1470 2328 po-

822 2340 898 2375 tuit
930 2341 1002 2387 Qu.
1037 2340 1170 2376 Doleo
1202 2337 1306 2374 nihil
1327 2337 1372 2373 de
1395 2336 1468 2373 hae

822 2395 1044 2432 difficultate
1064 2397 1268 2446 proditum
1288 2408 1308 2430 a
1330 2394 1467 2430 doctis·

820 2453 940 2503 funis.
967 2454 1065 2489 viris
1109 2452 1276 2489 Dukero
1320 2450 1467 2488 et‘van

821 2511 951 2546 Goens
984 2510 1027 2546 in
1061 2510 1324 2546 differtatione
1357 2507 1468 2543 illius

821 2566 900 2602 hoo
930 2567 1099 2616 praeside
1132 2566 1302 2608 defensa,
1347 2565 1390 2600 da
1413 2565 1468 2601 Si-
1495 2563 1497 2565 ’

823 2625 971 2658 monide
997 2624 1097 2669 Traj.
1120 2623 1170 2660 ad
1186 2624 1259 2660 Βῆ.
1285 2621 1405 2666 1768.
1431 2630 1467 2664 4.

824 2678 1014 2715 Glaucum
1045 2681 1276 2729 Carystium'
1299 2677 1467 2714 celeber—

824 2737 974 2772 rimum
1015 2737 1200 2774 athletam
1237 2736 1330 2773 vide
1366 2734 1469 2784 apud
