1676 3028
331 251 439 305 :574
552 294 554 298 ,
654 240 1332 305 M.F‚AB.,QU1NT11,1A;N1

335 357 595 416 'canonem
607 364 864 414 clamandi
883 365 1193 429 largiantur:
1214 369 1416 434 aliquos
1431 378 1483 418 et
1498 370 1640 420 amb-

337 444 436 494 itio
462 443 731 507 pervertit,
757 441 852 504 qui
887 443 1075 504 partim
1108 452 1351 507 tanquam
1368 447 1640 512 ;occnpati‚

335 519 644 583 semperque
676 515 822 573 aliud
849 514 1118 574 habentes,
1154 517 1300 582 quod
1336 529 1451 573 ante
1487 537 1640 585 agen..

327 595 472 646 ,dum
500 592 586 650 sit,
624 590 796 657 pridie
828 590 893 639 ad
920 590 971 639 se
996 594 1176 641 venire
1202 594 1528 658 litigatorem,
1551 606 1642 645 aut

335 669 528 719 eodem
561 667 821 716 matutino
853 667 1050 727 jubent,
1086 685 1467 732 nonnunquam
1488 670 1641 726 etiam

335 747 474 795 inter
526 742 635 809 ipsa
674 741 911 791 subsellia
959 741 1188 793 didicisse
1228 742 1280 792 se
1325 745 1641 809 gloriantu13

290 836 317 873 3
338 822 527 887 partim
577 819 811 877 iactantia
858 819 1082 883 ingenii,
1137 829 1198 868 ut
1244 836 1325 868 res
1364 821 1468 868 cito
1505 836 1644 870 acce-

331 895 458 963 piffe
482 894 786 951 videantur,
823 903 999 942 tenere
1027 893 1078 942 se
1102 905 1153 943 et
1173 896 1463 960 intelligere
1491 895 1642 960 prius

331 989 497 1038 paene
539 987 698 1036 quam
737 969 951 1018 audiant
986 971 1208 1028 mentiti,
1243 988 1364 1020 cum
1399 971 1562 1028 multa
1592 979 1644 1027 et

331 1048 536 1105 diserte,
573 1045 893 1110 summisque
933 1046 1260 1103 clamoribus,
1300 1062 1432 1110 quae
1469 1061 1643 1110 neque

330 1125 397 1172 ad
435 1123 666 1185 judicem
704 1137 878 1185 neque
906 1120 970 1167 ad
995 1121 1306 1185 litigatorem
1335 1115 1640 1185 pertineant,

330 1199 751 1254 decantaverunt,
789 1196 922 1243 bene
948 1194 1186 1244 sudantes
1213 1196 1450 1258 beneque
1479 1196 1641 1251 comi-

278 1287 304 1329 4
333 1277 426 1324 tati
458 1290 551 1338 per
574 1272 755 1321 forum
786 1269 1121 1319 reducuntur.
1170 1271 1256 1318 Ne
1284 1272 1398 1319 illas
1425 1269 1642 1334 quidem

329 1350 546 1400 tulerim
582 1347 792 1396 delicias
827 1361 1039 1403 eorum,
1103 1345 1199 1409 qui
1241 1344 1418 1394 doceri
1451 1346 1642 1394 amicos

324 1526 427 1564 illud
475 1525 517 1559 in
557 1523 688 1570 Camp.
738 1522 1117 1568 interpretamentum
1153 1519 1285 1568 potius
1327 1520 1427 1554 mihi
1463 1519 1641 1554 videatur

326 1594 443 1630 quam
471 1592 562 1615 vera
591 1577 721 1613 lectio.
777 1577 915 1623 Neque
941 1575 1043 1609 enim
1075 1573 1280 1609 abhorrere
1308 1574 1464 1610 videtur
1492 1574 1538 1610 ab
1571 1575 1640 1609 usu

321 1636 569 1675 Latinorum,
589 1643 644 1667 ·ut
671 1632 773 1666 idem
802 1630 1028 1678 appositum,
1057 1629 1162 1677 quod
1187 1630 1295 1670 locis,
1327 1630 1498 1665 tractatui
1526 1629 1640 1664 etiam

324 1692 487 1727 locorum
517 1689 599 1723 dari
628 1688 752 1735 possit.
782 1685 971 1732 Planeque
1004 1684 1139 1718 eodem
1168 1685 1285 1720 modo
1315 1686 1422 1732 supra
1452 1693 1489 1725 2,
1514 1690 1550 1727 4,
1574 1693 1639 1719 22.

325 1754 522 1782 tractatum
550 1744 713 1778 locorum
742 1742 981 1776 communium
1007 1750 1196 1774 memorat
1225 1750 1261 1774 et
1281 1739 1485 1786 generalem
1504 1749 1542 1774 et
1553 1738 1638 1786 spe-

318 1801 466 1840 -cialem,
498 1799 569 1846 qui
597 1796 700 1832 nihil
730 1794 835 1831 aliud
869 1794 917 1830 est
948 1807 1063 1842 quam
1095 1802 1264 1829 tractatus
1294 1794 1455 1828 locorum
1483 1806 1638 1834 commu·

322 1858 423 1892 nium
450 1854 516 1889 vel
546 1852 772 1900 generalium
799 1848 863 1886 vel
882 1848 1111 1897 specialium.
1143 1849 1302 1885 Accedit
1329 1849 1371 1884 in.
1398 1847 1524 1883 nostro
1549 1846 1637 1891 1009

323 1911 420 1947 ordo
450 1909 675 1955 verborum,
704 1908 734 1942 [i
753 1916 950 1972 Jeceptam
982 1905 1117 1945 servas,
1147 1903 1351 1944 natural-is,
1387 1903 1430 1940 in
1454 1902 1638 1950 Campani

321 1967 507 2013 [criptura
546 1976 627 1999 non
661 1964 768 1999 item.
882 1961 981 1995 Mox
1020 1967 1173 1994 tractam.
1208 1971 1280 2006 pro
1317 1958 1500 1999 clamandi
1534 1958 1636 1997 miro

321 2020 529 2070 sphalmate
559 2019 692 2054 Turio.
723 2017 826 2053 ΓΙοι·ι
855 2028 885 2058 c.
912 2014 1013 2050 Alm.
1070 2015 1194 2063 aliquo
1227 2013 1298 2061 secl
1324 2012 1428 2057 Plor-
1477 2011 1637 2062 semper-

324 2090 394 2126 que
424 2075 589 2124 occupati
616 2075 767 2110 inverso
798 2072 933 2108 ordine
961 2070 1064 2105 Flor.
1181 2069 1322 2117 aliquid
1353 2068 1486 2104 habent
1518 2066 1635 2110 Goth.

326 2134 456 2179 Camp.
486 2144 518 2166 c.
547 2128 634 2166 Ald.
694 2129 766 2164 Sed
795 2125 950 2176 praestat
978 2125 1099 2166 aliud,
1137 2139 1184 2160 ne
1213 2124 1390 2160 videatur
1425 2123 1496 2158 effe
1529 2134 1636 2170 prae-

323 2188 435 2223 vium
465 2185 614 2234 aliquid
643 2184 688 2220 ad
716 2184 831 2232 ipsam
866 2182 1007 2216 causam
1035 2181 1211 2228 spectans.
1349 2186 1475 2214 matut.
1513 2179 1637 2213 vivent

322 2243 428 2278 Flor.
541 2244 634 2277 inter
653 2239 698 2290 [ε
717 2238 894 2288 subsellia
918 2235 1049 2271 Turio.
1080 2235 1183 2272 Flor.
1271 2232 1433 2284 didiciffa
1461 2230 1636 2282 subsellia

319 2297 422 2334 Obr.
528 2302 540 2312 ’

433 2383 471 2417 3.
495 2373 540 2422 se
570 2387 646 2409 om.
678 2371 774 2407 Obr.
859 2383 974 2418 paene
1001 2371 1101 2418 prius
1128 2367 1244 2404 Goth.
1268 2365 1364 2405 Jens.
1393 2363 1481 2412 (tao.
1501 2359 1632 2410 Gefn.)

321 2440 361 2467 et
398 2429 482 2465 edd.
524 2429 615 2477 post.
654 2437 739 2463 ante
777 2429 897 2462 Stoer.
1011 2438 1118 2472 quam
1157 2431 1197 2458 ut
1235 2422 1318 2458 aad.
1355 2420 1485 2456 *I'uricz
1526 2417 1630 2454 Flor-

321 2487 455 2534 Camp.
489 2498 520 2521 c.
553 2483 655 2520 Alm.
713 2485 855 2518 mentiri
882 2480 986 2525 Flor.
1099 2492 1213 2528 neque
1231 2478 1353 2512 ducem
1374 2475 1504 2512 Turio.
1525 2472 1630 2509 Flor.

319 2553 353 2576 c.
383 2540 484 2577 Alm.
541 2542 723 2588 pertineat
751 2538 848 2576 Jens.
879 2540 975 2581 (non
1001 2537 1192 2581 pertinent,
1225 2546 1295 2568 err.
1327 2531 1451 2574 Gesn.)
1497 2530 1628 2564 ascan-

319 2598 477 2632 taverint
506 2596 604 2634 qus.
636 2605 673 2630 et
701 2594 784 2630 edd.
813 2592 906 2641 post.
937 2601 1022 2627 ante
1051 2589 1138 2626 Ald.
1195 2588 1411 2625 reducantur
1439 2583 1572 2620 iidem.

372 2746 410 2783 5.
449 2739 675 2781 clamoribus,
705 2737 964 2775 audientium
986 2734 1074 2787 yid.
1109 2732 1143 2772 6,
1167 2736 1206 2778 4.
