1676 3028
291 291 386 337 570
578 277 658 327 1Μ.
703 282 834 327 FAB.
881 283 1289 344 QUINTILIANI

288 406 434 454 ribus
456 402 742 468 praefinitis
773 419 958 467 aquam
981 403 1164 468 perdit.
1239 409 1507 457 Promtum
1530 407 1594 456 sit

294 498 374 538 os,
406 496 515 526 non
539 494 807 544 praeceps:
846 478 1198 545 moderatum,
1238 497 1347 530 non
1374 483 1590 538 lentum.

217 561 270 599 55
291 556 510 618 Spiritus
534 570 747 617 quoque
776 569 872 602 nec
895 554 1072 604 crebro
1099 565 1333 621 receptus
1355 559 1676 611 concidatmos

287 628 614 676 sententiam:
653 645 748 676 nec
768 645 830 678 eo
850 646 1015 693 usque
1034 630 1277 688 trahatur,
1314 629 1478 680 donec
1501 634 1589 681 de-

286 702 444 751 ficiat.
520 704 660 751 Nam
701 714 752 752 et
789 702 1038 753 deformis
1069 703 1140 753 est
1171 704 1424 754 consumti
1448 707 1589 757 illius

285 776 459 835 sonus,
501 788 551 825 et
579 777 844 844 respiratio
875 777 971 828 sub
1003 796 1134 844 aqua
1164 779 1259 829 diu
1284 779 1430 847 preffi
1449 779 1590 830 fimi-

283 853 374 910 lis,
413 863 465 901 et
492 864 728 918 receptus
759 855 994 918 longior,
1031 865 1081 902 et
1111 872 1222 904 non
1250 865 1590 920 opportunus,

281 924 347 976 ‘ut
364 929 458 993 qui
480 927 598 986 fiat,
636 946 746 978 non
766 930 860 983 ubi
878 931 1141 987 volumus,
1177 929 1266 978 sed
1286 930 1379 978 ubi
1397 929 1590 979 neceffe

285 1002 371 1050 est.
458 1007 627 1071 Quare
679 1005 975 1069 longiorem
1038 1006 1254 1054 dicturis
1307 1004 1589 1071 periodum

289 1078 611 1142 colligendus
641 1078 712 1126 est
732 1078 966 1143 spiritus:
1004 1081 1076 1126 ita
1098 1090 1282 1137 tamen,
1325 1090 1386 1127 ut
1412 1079 1470 1128 id
1497 1097 1589 1128 ne-

277 1169 389 1216 ,que
423 1152 545 1210 diu,
585 1170 756 1217 neque
786 1171 907 1201 cum
944 1153 1071 1204 sono
1100 1153 1373 1212 faciamus,
1417 1172 1590 1219 neque

286 1227 506 1277 omnino
540 1239 602 1276 ut
629 1224 958 1277 manifestum
990 1226 1079 1277 fit:
1118 1230 1333 1293 reliquis
1358 1231 1592 1294 partibus

287 1304 484 1366 optime
517 1303 654 1350 inter
682 1307 948 1364 juncturas
971 1301 1222 1352 sermonis
1249 1300 1607 1352 revocabitur.-

213 1383 265 1428 ⁵4
284 1377 613 1426 Exercendus
651 1387 825 1426 autern
857 1376 955 1435 est,
1003 1388 1064 1426 ut
1094 1377 1158 1426 sit
1188 1395 1343 1442 quam
1372 1379 1593 1444 longiffi-

283 1469 427 1500 mus:
481 1452 629 1517 quod
659 1451 1031 1501 Demosthenes
1073 1462 1134 1501 ut
1164 1451 1405 1511 efficeret,
1449 1453 1590 1501 scan-

283 1527 411 1575 dens
452 1528 510 1575 in
546 1525 821 1576 adversum
864 1527 1195 1575 continuabat
1233 1543 1391 1591 quam
1427 1526 1589 1592 poffet

280 1602 542 1666 plurimos
559 1599 748 1650 versus.
787 1600 947 1657 Idem,
969 1618 1076 1664 quo
1093 1600 1297 1650 facilius
1319 1602 1476 1650 verba
1497 1620 1588 1651 ore

279 1676 448 1726 libero
474 1678 796 1742 exprimeret,
829 1677 1049 1724 calculos
1068 1677 1245 1740 lingua
1266 1677 1484 1726 volvens
1506 1677 1585 1725 di-

365 1811 428 1849 55.
447 1814 618 1855 receptus.
634 1805 734 1841 Flor.
750 1814 927 1853 receptum
941 1818 1028 1840 cum
1040 1804 1137 1841 Alm.
1149 1818 1228 1841 non
1238 1806 1367 1840 Turio.
1377 1805 1443 1851 (cf.
1455 1807 1486 1850 §-
1500 1806 1583 1856 40.)

278 1859 379 1896 Mox
398 1874 472 1896 non
488 1872 572 1897 ante
593 1862 654 1896 ubi
674 1861 855 1896 omittunt
873 1861 1003 1896 Turic.
1023 1861 1124 1896 Flor.
1142 1873 1231 1896 cum
1248 1860 1348 1896 Alm.
1368 1861 1429 1896 sed
1451 1863 1582 1899 Turio.

277 1917 386 1963 prius
417 1929 572 1964 quoque
602 1928 687 1952 ante
721 1925 917 1965 oportunus
948 1916 1138 1951 desiderat.
1190 1916 1252 1950 diu
1291 1929 1404 1964 neque
1440 1917 1584 1952 omittit

278 1970 406 2006 Guelf.
447 1973 544 2007 Mox
565 1972 696 2008 Ambr.
719 1983 753 2007 2.
783 1971 998 2019 perihodon,
1022 1971 1147 2008 Guelf.
1165 1971 1355 2020 periodon.
1385 1973 1459 2007 Pro
1488 1974 1584 2019 opti-

276 2036 334 2060 me
355 2027 484 2063 Turic.
506 2027 608 2064 Flor.
628 2023 805 2075 optimum
826 2029 869 2063 ei.
1310 2035 1313 2037 '

359 2110 425 2147 54.
453 2104 698 2141 continuabat.
728 2103 854 2139 Guelf.
883 2104 1092 2140 concinebat
1121 2117 1207 2139 eum
1229 2115 1348 2151 marg.
1372 2103 1480 2139 Bafil.
1502 2077 1581 2150 (ted

274 2159 334 2196 ibi
354 2159 402 2194 est
418 2161 627 2204 conciebat)
649 2159 796 2208 Gryph.
816 2159 976 2204 (1536.)
998 2160 1183 2195 referente
1204 2159 1338 2194 Burm.

378 2216 490 2255 Idem,
512 2229 595 2265 quo.
613 2213 853 2251 Tu1·ic.Flor.
875 2216 919 2250 de
937 2228 1006 2263 quo
1028 2228 1109 2264 quo.
1140 2217 1213 2250 Pro
1234 2222 1274 2249 ut
1293 2227 1444 2263 corpora
1462 2212 1579 2250 iidem

270 2278 309 2306 et
330 2285 359 2306 c.
378 2272 444 2317 (cf.
476 2272 510 2315 §.
525 2272 606 2315 21.)

269 2382 336 2418 hic
356 2383 539 2418 versatum
558 2380 670 2416 illum
688 2379 784 2415 male
807 2392 896 2416 con-
951 2380 1027 2415 tius
1061 2379 1136 2415 hoe
1169 2378 1322 2415 dicendi
1359 2391 1476 2427 genus
1504 2379 1576 2414 vix

269 2438 447 2473 tinuandi
475 2437 628 2472 solitum
651 2436 818 2471 librariis
839 2449 895 2470 er·
951 2434 1199 2483 ullis'probet
1220 2433 1412 2482 exemplis.
1559 2438 1561 2440 ’

269 2505 430 2556 rorenf'.
462 2502 499 2528 et
523 2492 788 2554 reponf3¹¹d¹ffm
826 2491 894 2552 est}
1009 2519 1072 2554 55.
1090 2509 1416 2559 reliquispartibus.
1460 2509 1575 2556 Quod

268 2548 519 2594 praefmnam'
579 2549 657 2593 ραι
681 2559 780 2582 emm
804 2547 896 2580 ‘iau'
949 2565 1015 2601 hic
1043 2567 1237 2614 praemitti
1271 2564 1367 2601 velit
1394 2564 1572 2599 Francius

267 2615 361 2637 vum
417 2602 623 2650 praefinitis
678 2601 893 2662 tempor-ihu?
946 2623 995 2661 in,
1025 2634 1102 2657 non
1123 2634 1215 2669 opus
1235 2619 1293 2655 est.
1317 2619 1363 2656 cf.
1381 2631 1442 2660 10,
1460 2631 1492 2659 ι,
1507 2624 1571 2663 88·

265 2669 408 2707 repetat
436 2673 457 2694 a
473 2659 594 2695 verbo
611 2658 752 2706 perdit,
787 2657 890 2703 quasi

263 2716 417 2759 tempori
457 2715 630 2762 perdatur
662 2713 725 2752 id,
784 2711 889 2758 quod
998 2715 1062 2752 54.
1093 2707 1357 2758 Demosthenes.
1405 2707 1494 2747 Vid.
1523 2706 1571 2742 ad

262 2770 386 2805 eidem
415 2780 494 2804 non
517 2768 694 2809 inservit.
723 2765 886 2803 insolen-
945 2776 1007 2806 ιο,
1028 2772 1065 2808 5,
1090 2771 1154 2809 25.
