1676 3028
271 243 368 299 436
583 243 658 289 M.
691 245 822 290 ΕΑΒ.
859 245 1264 304 QUINTILIANI

275 365 331 413 in
367 365 670 429 graviffimas
693 366 994 431 frequenter
1015 368 1209 432 legum,
1240 366 1438 433 semper
1457 385 1584 430 vero

277 441 441 488 malae
467 440 829 499 conscientiae,
867 460 1060 506 poenas
1097 459 1125 489 a
1152 441 1458 508 semetipsis
1486 446 1586 493 im-

235 540 258 573 4
280 513 492 580 proviso
513 532 690 563 rerum
714 519 857 566 exitu
876 518 1177 566 induantur.
1255 517 1411 584 Quod
1427 511 1587 587 §.ue-

281 591 479 648 minem
501 591 686 638 malum
708 589 819 649 effe,
857 589 951 664 ⁷²{sl'
960 589 1179 660 stultum
1207 592 1451 649 eundem,
1480 609 1590 642 non

217 727 219 729 q
281 665 445 713 modo
469 663 785 732 sapientibus
815 667 1033 725 dieitur,
1063 666 1151 716 [ed.
1183 668 1344 731 vulgo
1381 672 1593 732 quoque

282 738 486 806 semper
509 739 579 788 est
599 742 882 791 creditum:
922 753 1056 791 certe
1090 759 1199 790 non
1229 740 1325 790 fiet
1358 758 1596 805 unquam

284 813 469 865 stultus
490 826 675 880 orator.
752 817 900 867 Adde
922 817 1067 882 quod.
1098 833 1164 865 ne
1186 816 1354 867 studio
1379 816 1597 883 quidem

287 892 458 954 operis
475 892 819 958 pulcherrimi
840 910 1018 942 vacare
1037 909 1198 950 mens,
1227 891 1327 941 nifi
1347 892 1596 944 omnibus

285 967 429 1014 vitiis
450 965 639 1022 libera,
677 968 877 1033 potest:
907 970 1140 1034 primum
1166 967 1312 1031 quod
1329 968 1388 1016 in
1411 966 1598 1015 eodem

286 1051 495 1106 pectore
536 1043 743 1092 nullum
779 1043 849 1091 est
881 1042 1220 1092 honestorum
1258 1043 1600 1108 turpiumque

288 1114 633 1174 consortium,
673 1129 723 1166 et
761 1121 983 1184 cogitare
1015 1118 1210 1182 optima
1237 1115 1392 1165 fimul
1421 1115 1603 1164 aode-

287 1192 497 1238 ter'rima
513 1208 622 1239 non
642 1196 802 1257 magis
826 1193 896 1241 est
920 1195 1080 1242 unius
1094 1193 1269 1249 animi,
1289 1208 1447 1254 quam
1467 1192 1604 1251 ejus-

246 1287 267 1320 5
293 1265 411 1313 dem
436 1266 666 1317 hominis
686 1270 887 1317 bonum
917 1266 1012 1316 effe
1034 1284 1088 1313 ac
1110 1267 1330 1314 malum:
1371 1276 1486 1314 tum
1511 1266 1604 1312 illa

292 1357 505 1404 quoque
527 1358 588 1388 ex
610 1338 782 1401 causa,
819 1343 964 1407 quod
987 1353 1214 1390 mentem
1240 1350 1404 1389 tantae
1425 1342 1501 1388 rei
1522 1341 1604 1388 in-

291 1426 500 1473 tentam,
539 1434 715 1465 vacare
740 1419 987 1467 omnibus
1007 1419 1134 1474 aliis,
1173 1418 1329 1464 etiam
1351 1417 1501 1479 culpa
1526 1432 1606 1462 ca-

292 1493 544 1547 rentibus,
585 1495 722 1540 curis
749 1503 965 1560 oportet.
1044 1495 1118 1539 Ita
1142 1491 1354 1538 demum
1377 1492 1516 1539 enim
1541 1491 1606 1536 li-

291 1565 440 1623 bera,
489 1568 552 1614 ac'
579 1577 710 1625 tota,
742 1568 905 1630 =nulla
939 1565 1275 1631 distringente
1310 1576 1464 1630 atque
1501 1565 1605 1614 alio

294 1739 364 1788 qui
393 1753 478 1774 cum
507 1740 668 1787 reliquis
699 1741 830 1776 maline
861 1754 909 1776 cx
939 1740 1058 1787 ipsius
1087 1741 1324 1785 conjectura:
1357 1738 1404 1774 cf.
1431 1752 1464 1777 ι,
1485 1745 1522 1780 5.
1544 1739 1609 1785 64.

294 1796 528 1842 prudentiam
558 1798 657 1839 cujus
687 1798 723 1831 in
751 1798 879 1832 Tus-ie.
911 1794 1012 1831 Flor.
1047 1796 1176 1842 Camp.
1207 1809 1243 1842 p.
1277 1797 1320 1830 iis
1351 1807 1428 1829 cum
1449 1796 1487 1828 in
1506 1795 1610 1832 Voff.

302 1862 335 1883 1.
379 1865 404 1898 p
458 1865 534 1885 cum
571 1853 666 1888 Jens.
709 1865 794 1886 cum
835 1852 918 1887 edd.
956 1861 1039 1886 ante
1081 1849 1164 1885 Ald.
1204 1850 1386 1886 Nostrum
1415 1849 1547 1886 Ambr.
1578 1861 1614 1886 2.

297 1903 423 1941 Guelf.
456 1919 542 1940 cum
574 1906 690 1943 Goth.
724 1907 822 1943 Voss.
851 1919 885 1944 2.
928 1907 1022 1942 Obr.
1059 1920 1096 1953 p.
1131 1907 1192 1953 qut'
1222 1907 1258 1940 ὶη
1291 1904 1374 1941 Ald.
1410 1916 1497 1942 cum
1528 1904 1614 1941 edd.

298 1969 383 1995 ante
411 1963 530 1996 Stoer.
562 1975 598 2008 p.
631 1965 674 1997 iis
702 1965 763 2011 qui
789 1965 826 1996 in
849 1962 1002 2010 reliqui.
1026 1961 1238 1996 inducantur
1266 1960 1414 2009 Gryph.
1437 1972 1524 1995 cum
1543 1971 1614 2008 po·

298 2014 399 2050 sterr.
430 2027 515 2052 ante
547 2017 641 2053 Obr.
674 2018 839 2066 pessime.

387 2079 420 2114 4.
456 2070 695 2119 sapientibus.
726 2074 786 2108 Sic
812 2074 945 2108 Turio.
974 2071 1077 2107 Flor.
1108 2085 1195 2107 cum
1226 2071 1324 2106 Alm.
1354 2084 1376 2106 a
1396 2070 1430 2119 s
1459 2070 1615 2118 reliqui.

300 2125 408 2160 Adde
447 2139 522 2162 om.
566 2129 695 2163 Turio.
733 2128 833 2163 Flor.
866 2142 953 2163 cum
983 2127 1083 2162 Alm.
1124 2127 1170 2161 cf.
1209 2139 1271 2166 10,
1308 2138 1339 2168 ι,
1372 2135 1436 2170 53.
1487 2123 1616 2173 studia

303 2182 434 2217 Turio.
472 2182 574 2219 Flor.
612 2184 873 2232 pulcherrimae
912 2183 1010 2218 Flor.
1057 2183 1155 2230 quod
1187 2180 1223 2229 si
1262 2183 1300 2216 in
1338 2181 1469 2217 Turic.
1509 2179 1612 2217 Flor.

303 2236 435 2284 Camp.
465 2251 552 2274 cum
583 2239 683 2274 Alm.
718 2238 850 2275 bonum
880 2237 929 2286 ⁸st
957 2253 999 2274 ac
1025 2238 1155 2272 Turio.
1179 2237 1280 2272 flor.
1316 2233 1384 2286 effe
1413 2237 1547 2272 bonum
1573 2249 1616 2272 ac

303 2291 434 2340 Camp.

389 2355 424 2391 5.
471 2348 635 2384 omnibus
661 2351 772 2385 etiam
801 2350 906 2397 culpa
935 2349 1018 2385 aliis
1046 2348 1249 2385 carentibus
1277 2347 1392 2384 aliam
1420 2349 1532 2384 eciam
1560 2360 1616 2382 cu-

361 2509 398 2546 4.
420 2501 648 2551 sapientibus
668 2504 808 2540 clicr'tnr.
848 2503 936 2541 Vel·
993 2503 1192 2552 cupientis.
1252 2503 1351 2538 Nam
1371 2502 1473 2550 quod
1500 2502 1619 2537 modo

305 2568 349 2592 ut
370 2560 442 2593 toti
471 2561 680 2594 Socraticae
703 2559 848 2594 domni.
994 2559 1041 2592 est
1070 2559 1154 2593 aliis
1179 2577 1231 2584 —-
1256 2560 1357 2597 curis,
1381 2557 1620 2603 Quintiliano

364 2621 399 2655 5.
436 2614 780 2650 nulla—ducente
821 2613 937 2662 causa.
995 2613 1301 2649 condonandum.
1365 2613 1447 2648 Nec
1486 2611 1622 2660 procul

307 2668 399 2703 Non
434 2669 607 2716 profecto
640 2669 819 2718 dispkicct
849 2668 940 2704 Rol·
996 2666 1114 2716 causa.

309 2722 382 2759 lini
419 2725 657 2770 conjectura,
687 2739 771 2762 cura
803 2724 941 2774 reponi
