1676 3028
345 223 509 270 INST.
545 202 822 268 ORATOR.
859 219 980 264 Lm.
1017 218 1087 275 x,
1129 231 1168 263 1.
1338 232 1430 277 ης

85 350 336 419 diligens,
368 349 609 416 egregius
645 357 818 396 tamen
850 346 1111 395 vitiorum
1148 343 1430 395 insectator

82 428 202 480 fuit.
249 429 454 487 Multae
476 428 534 475 in
558 443 621 476 eo
645 425 915 488 claraeque
934 422 1235 480 sententiae,
1257 424 1426 471 multa

82 507 242 556 etiam
291 521 506 565 monim
548 503 708 569 gratia
750 499 997 566 legenda:
1077 499 1167 549 sed
1211 500 1274 551 in
1312 500 1422 547 elo-

82 582 298 649 quendo
323 590 569 646 corrupta
590 580 855 646 pleraque,
885 588 1041 643 atque
1073 594 1136 626 eo
1158 578 1424 643 pernicio·

82 657 273 716 Infima,
322 656 470 723 quod.
490 656 759 706 abundant
779 655 1024 705 dulcibus
1042 655 1199 704 vitiis.
1251 655 1416 703 Velles
1434 672 1513 708 ¹50

82 753 208 784 eum
231 735 328 784 suo
352 735 569 799 ingenio
594 730 787 789 dixisse,
827 733 998 781 alieno
1022 731 1238 792 judicio.
1277 733 1420 780 Nam

83 811 122 862 fi
155 812 330 876 aliqua
362 809 728 868 contemfiffet‚
769 807 808 858 fi
834 826 1026 875 parum
1069 826 1182 859 non
1223 826 1421 858 concu-

81 886 246 955 piffet,
321 886 360 937 fi
387 880 500 936 non
535 889 712 937 omnia
736 885 828 936 sua
865 883 1095 945 amasset,
1171 884 1210 934 fi
1239 902 1422 935 rerum

83 1066 254 1105 Secunda
283 1065 386 1103 Flor.
419 1080 579 1108 manns,
630 1065 755 1102 nostra
788 1066 878 1115 ipsa.
937 1065 1091 1102 Nostris
1117 1065 1284 1101 vocibus
1319 1065 1419 1104 Jens.

82 1127 172 1168 (tac.
205 1124 333 1170 θείῃ.)
362 1123 516 1169 subjicit
536 1133 572 1159 et
592 1136 679 1160 cum
710 1123 796 1159 edd.
816 1122 974 1172 posterr.
1004 1132 1090 1158 ante
1123 1121 1207 1158 Ald.
1235 1135 1306 1170 pro
1340 1134 1419 1168 quo

81 1179 226 1228 Regius
264 1180 442 1216 suadebat
471 1179 549 1230 etfi.
839 1179 994 1215 Μιιίεασ
1019 1198 1076 1207 —-
1109 1193 1250 1215 morum
1280 1180 1417 1227 gratia.

82 1235 215 1272 Turic.
243 1235 348 1272 Flor.
390 1237 506 1272 multo
538 1237 646 1272 multi
672 1251 838 1272 annorum
865 1250 904 1284 g.
968 1234 1039 1271 Ille
1070 1250 1088 1270 a
1115 1237 1185 1272 sec.
1217 1248 1268 1270 m.
1301 1235 1420 1270 multa

81 1292 203 1327 multis
231 1306 396 1328 amorum
430 1306 467 1341 g.
526 1294 603 1329 Hie
629 1294 794 1329 nostram
824 1293 956 1341 ipsam.
990 1291 1052 1327 M.
1081 1295 1103 1328 ι’.
1129 1306 1159 1327 e.
1181 1291 1348 1340 clar-aes.
1370 1305 1416 1327 m.

81 1361 112 1383 e.
138 1362 184 1384 m.
201 1363 240 1397 g.
272 1349 390 1385 Goth.
411 1349 500 1395 (tac.
520 1349 648 1394 Gesn.)
671 1351 804 1399 Camp.
833 1348 1004 1385 Viciffim
1029 1362 1047 1383 e
1069 1348 1172 1386 Voff.
1201 1363 1235 1384 ι.
1267 1349 1422 1399 multae*

20 1407 33 1414 “
79 1416 149 1453 que
168 1406 191 1441 ἱ.
213 1412 244 1440 e.
267 1404 344 1453 c.s2
365 1417 411 1441 m.
435 1419 465 1441 e.
488 1420 533 1441 m.
557 1420 595 1454 g.
630 1407 771 1443 Vocem
787 1405 869 1453 fuit
888 1416 975 1443 ante
996 1405 1120 1440 nostra
1142 1405 1292 1440 omittit
1306 1404 1420 1441 Goth.

159 1460 329 1508 legenda.
362 1461 492 1496 Tin-ic.
509 1463 537 1496 F
542 1462 611 1498 lor.
633 1463 730 1500 Jenl'.
766 1467 855 1506 (tac.
877 1459 1007 1508 Gesn.)
1036 1462 1152 1497 Tarv.
1176 1462 1345 1508 legendo.

86 1525 92 1532 ·
163 1526 273 1565 atque
290 1530 347 1552 eo.
377 1516 495 1554 Goth.
520 1517 610 1565 (tac.
633 1519 761 1562 Gefn.)
786 1518 919 1554 inserit
939 1519 990 1554 ἱιι.
1213 1517 1419 1553 abundant.

73 1571 203 1610 Guelf.
228 1572 347 1608 Goth.
370 1572 460 1618 (tac.
489 1574 616 1619 Gesn.)
638 1575 816 1610 abundat.

166 1637 256 1673 ¹5⁰-
303 1642 395 1666 eum.
426 1630 560 1667 Turio.
590 1631 694 1667 Flor.
744 1630 838 1676 (hio
874 1645 894 1665 a
922 1643 981 1680 pc.
1015 1632 1096 1675 m.)
1141 1631 1274 1679 Camp.
1310 1633 1418 1667 enim.

73 1685 179 1730 Vols.
202 1697 235 1721 ι.
267 1699 358 1722 cum.
530 1687 681 1738 Namfi
701 1688 840 1738 aliqua.
874 1688 1007 1723 Turic.
1030 1687 1135 1722 Flor.
1159 1687 1420 1738 omittuntfie

72 1740 239 1778 viciffim
274 1755 336 1783 ιο,
368 1752 405 1783 2,
437 1751 476 1786 5.
503 1744 630 1779 Guelf.
661 1758 768 1793 quam
788 1743 922 1795 fifuit
950 1757 1022 1792 pro
1044 1758 1154 1793 quam
1167 1743 1258 1790 fuit.
1285 1745 1418 1791 Camp.
1449 1760 1467 1767 ·

73 1811 111 1833 rt.
133 1799 172 1832 in
192 1812 227 1833 a.
255 1797 362 1835 (Flet.
383 1799 422 1845 (a
441 1799 510 1838 sec.
534 1804 606 1844 m.)
635 1800 716 1850 n.s.
739 1802 793 1835 nil
813 1801 1038 1850 aequalium,
1061 1811 1099 1836 et
1119 1802 1165 1835 sic
1188 1800 1308 1835 Goth.
1321 1801 1419 1838 Jens.

71 1853 167 1899 (err.
191 1854 320 1898 Gesn.)
339 1867 428 1889 cum
450 1856 556 1892 Voss'.
581 1867 616 1893 2.
640 1856 740 1894 Vall.
764 1867 801 1893 et
817 1857 907 1898 ,edd-
926 1856 1084 1905 posterr.
1106 1867 1191 1892 ante
1205 1857 1313 1893 Basti.
1338 1869 1420 1892 exc.

72 1908 162 1946 Ald.
188 1909 274 1955 (hic
303 1911 407 1945 enim
427 1926 463 1947 n.
485 1911 552 1962 nifi
573 1915 628 1960 a.)
659 1927 736 1950 acc.
761 1912 911 1962 Gryph.
935 1927 970 1948 η.
987 1912 1115 1963 fimile
1136 1927 1247 1961 quam
1266 1911 1419 1953 Guelf.;

32 1972 37 1974 ”
73 1978 122 2000 ex
146 1966 252 2003 Voss'.
289 1980 323 2002 1.
356 1981 391 2002 n.
411 1966 536 2017 simile
564 1971 637 2005 fine
669 1983 793 2021 quam.
1025 1983 1157 2016 parum
1188 1983 1262 2004 non
1291 1983 1420 2004 concu-

70 2019 192 2071 piffet.
249 2022 313 2058 Sic
330 2023 465 2059 Turio.
488 2024 592 2061 Flor.
614 2026 743 2079 Guelf.
765 2024 884 2062 Goth·
906 2024 996 2072 (tac.
1017 2026 1146 2069 θεῶ.)
1178 2026 1310 2074 Camp.
1330 2038 1420 2060 cum

71 2143 140 2177 „et
159 2133 316 2169 inaula.
374 2136 431 2170 Ita
463 2137 565 2171 enim
587 2138 718 2174 invidi
771 2152 870 2177 nan,
919 2150 1058 2173 eorum
1103 2136 1205 2173 solus
1234 2136 1418 2173 Rollinus

71 2187 386 2231 „calumniantur
438 2192 541 2240 apud
589 2194 717 2230 Nero·
773 2194 952 2242 dignatus
978 2194 1029 2229 est
1051 2193 1334 2242 explanationis
1352 2192 1422 2227 ali-

64 2257 211 2286 ,memz
245 2245 479 2290 objiciebant
498 2250 621 2288 etiam,
639 2250 716 2285 elo·
772 2250 866 2298 quid
888 2250 1101 2298 aspergere:
1119 2250 1188 2290 „Si
1209 2249 1423 2298 quaedam“

71 2325 96 2341 „
148 2302 274 2336 entiae
290 2303 436 2338 laudem
457 2304 605 2354 unifibi
624 2305 715 2354 asci-
771 2306 825 2341 ait
852 2304 920 2341 ille
970 2305 1187 2346 „orationis
1226 2305 1421 2341 lenocinia

72 2314 216 2405 ,ἕπῃ
266 2367 303 2394 et
350 2362 512 2396 carmina
559 2362 716 2397 crebrius
768 2362 924 2403 „minus
967 2362 1129 2397 findiofe
1169 2363 1328 2398 sectatus
1369 2362 1421 2397 es-

70 2411 296 2459 ‚‚fact1‘tare‚
328 2412 522 2464 postquam
571 2418 718 2453 Neroni
774 2419 896 2459 „set.“
942 2420 1095 2453 Praeter
1115 2417 1334 2466 neglectum
1355 2418 1422 2453 hic

11 2495 15 2500 ·
70 2482 208 2510 „amor
227 2484 353 2506 eorum
369 2471 562 2521 venss‘et.“
593 2475 715 2511 Idem.
773 2475 1031 2509 accusativum
1087 2475 1134 2510 ad
1187 2473 1420 2525 concupsset,

71 2525 228 2573 dialogi.
273 2528 410 2574 „Quos
431 2529 572 2565 Fabius
589 2531 716 2566 nomi·
775 2531 846 2579 qui
880 2530 1011 2566 omitti
1044 2531 1097 2566 ita
1122 2531 1239 2567 latine
1261 2532 1422 2579 quidem

70 2593 174 2624 vum,
205 2596 275 2619 nec
296 2584 434 2618 ultra-‘⁶
491 2584 615 2621 Idem.
772 2600 853 2623 non
890 2597 1062 2636 poterat,
1123 2602 1256 2636 parum
1301 2587 1421 2622 nimis

133 2647 222 2683 130.
245 2638 283 2690 fi
311 2653 442 2687 parum
479 2655 554 2676 non
585 2657 714 2679 conca·
771 2643 913 2678 leviter
950 2644 1140 2692 accipitur
1178 2657 1252 2693 pro
1290 2645 1420 2684 minus,

32 2719 34 2721 >
69 2691 187 2742 risset.
264 2697 339 2731 Hic
386 2709 475 2732 cum
523 2698 712 2749 plerique,
770 2698 836 2736 vel
877 2713 962 2735 non.
1045 2701 1257 2748 Gedoynus
1296 2699 1420 2737 multa

71 2761 203 2786 contra
225 2753 333 2788 MSS.
349 2753 713 2801 quidem,omittant
769 2755 888 2792 licere
915 2755 987 2791 fibi
1017 2767 1136 2799 ratus,
1167 2757 1341 2792 nostrum
1361 2755 1422 2792 in·

132 2806 236 2842 Tom.
266 2809 332 2844 IV.
923 2813 960 2846 Π
