1676 3028
358 193 524 240 INST.
560 190 838 239 ORATOR.
864 190 997 237 Lm.
1033 190 1132 248 XI,
1168 204 1210 237 1.
1351 191 1444 237 261

106 321 590 388 magisemineant,
631 314 901 368 affectibus
941 306 1103 368 decet.
1181 318 1324 367 Nam
1352 318 1449 383 qui

85 398 453 448 'intermittere
472 398 530 446 in
552 395 754 463 agendo
775 395 1017 445 dolorem
1034 394 1219 462 potest,
1230 395 1448 444 videtur

104 473 247 542 poffe
308 476 468 524 etiam
523 474 800 539 deponere.

102 553 297 618 hujus,
355 551 423 600 de
455 569 564 616 quo
596 551 896 616 loquimur,
969 549 1176 600 decoris
1214 547 1450 599 custodia

102 630 329 679 maxime
358 629 493 677 circa
526 645 634 685 eos,
673 639 853 677 contra
878 645 1012 694 quos
1045 627 1288 685 dicimus,
1330 644 1447 675 exa-

102 704 354 754 minanda
382 703 460 754 fit.
573 706 716 754 Nam
744 703 854 753 sine
889 705 1056 755 dubio
1101 706 1160 753 in
1197 705 1450 754 omnibus

103 780 275 831 statim
296 780 709 831 accusationibus
730 781 834 831 hoc
858 782 1122 847 agendum
1155 781 1253 839 est,
1292 799 1360 829 ne
1381 780 1449 828 ad

103 875 189 908 eas
221 859 448 906 libenter
481 856 796 906 descendisse
822 859 1115 911 videamur.
1212 858 1447 922 Ideoque

103 934 238 985 mihi
269 933 408 982 illud
435 933 581 984 Caffii
611 936 792 983 Severi
821 953 934 984 non
966 936 1310 985 mediocriter.
1337 934 1448 984 dis-

101 1011 276 1079 plicet,
300 1011 402 1058 Dii
422 1009 551 1067 boni,
576 1013 730 1060 vivo.-
765 1021 830 1069 ec,
853 1030 956 1077 quo
980 1031 1060 1060 me
1079 1015 1264 1062 vivere
1272 1011 1446 1076 juvet,

98 1082 449 1159 Asprenatem
478 1105 622 1136 reum
648 1088 817 1138 video.
897 1089 1030 1139 Non
1059 1091 1203 1140 enirn
1224 1088 1357 1151 justa
1381 1105 1446 1137 ex

185 1241 224 1276 ἰη
253 1240 412 1289 agendo.
447 1239 553 1277 Flor.
595 1242 634 1287 (a
654 1254 714 1291 pr.
734 1241 810 1289 m.)
845 1243 884 1277 in
916 1242 1073 1290 egendo.
1122 1241 1225 1279 Alm.
1274 1241 1443 1291 negendo

98 1294 168 1343 (cf.
195 1299 290 1341 55.).

182 1361 249 1397 57.
286 1364 415 1389 contra
446 1367 549 1403 quos.
589 1352 695 1390 Flor.
735 1353 869 1391 Ambr.
902 1365 938 1391 2.
980 1355 1113 1404 Camp.
1153 1357 1247 1391 circa
1275 1369 1308 1404 q.
1354 1368 1445 1390 eum

95 1410 210 1446 Bern.
242 1409 289 1446 cf.
312 1416 362 1456 5.
399 1420 472 1455 ι5,
505 1417 571 1456 28.
861 1413 962 1447 Nam
987 1409 1082 1459 sine.
1122 1413 1254 1462 Camp.
1295 1410 1445 1461 latets.

95 1467 219 1502 mire!
416 1481 461 1502 ne
481 1467 532 1501 ad
551 1480 622 1503 eas.
645 1468 776 1504 Turic.
806 1467 909 1503 Flor.
942 1468 1028 1515 (hic
1048 1482 1068 1503 a
1087 1483 1146 1518 pr.
1167 1471 1239 1511 m.)
1269 1483 1333 1503 nec
1351 1482 1386 1502 a.
1411 1482 1445 1503 σ.

95 1522 216 1558 Goth.
253 1522 392 1559 nostris
420 1523 636 1572 praemittit
675 1533 734 1564 ut,
782 1523 896 1560 solus.
1186 1524 1441 1574 Asprenatem.

93 1579 228 1616 Tui-ic.
268 1579 404 1615 Ambr.
427 1590 464 1615 2.
508 1577 759 1629 aspernatam,
801 1594 891 1616 cum
919 1581 1006 1618 Ald.
1048 1591 1086 1617 et
1118 1581 1203 1617 edd.
1238 1595 1257 1616 a
1290 1580 1443 1630 Gryph.

94 1645 180 1670 ante
199 1634 304 1672 Roll.
344 1635 656 1673 Viliores'etiam
684 1636 958 1686 aspernantem,
991 1649 1036 1674 ut
1056 1637 1183 1673 Guelf.
1214 1639 1307 1673 Exc.
1337 1640 1440 1673 Sant.

25 1732 30 1735 .
96 1691 218 1731 Goth.
246 1691 343 1741 ValL
374 1693 473 1731 Jens.
503 1691 735 1740 (tac.Gesn.)
767 1696 898 1742 Camp.
926 1696 1043 1732 Tarv.
1075 1708 1162 1730 cum
1177 1695 1281 1731 Voss'.
1307 1703 1442 1737 1.2.5.

94 1748 282 1784 Nostrum
304 1763 324 1784 a
344 1750 438 1786 Loc.
459 1749 550 1785 inde
571 1760 657 1785 ante
677 1750 828 1798 Gryph.
848 1761 884 1785 et
903 1765 998 1786 mox
1015 1766 1034 1787 a
1055 1750 1158 1786 Roll.
1191 1750 1251 1795 (in
1274 1749 1444 1785 Harletis

94 1803 224 1840 saltem
267 1803 472 1854 editione).
522 1805 626 1843 Flor.
676 1807 887 1843 nobiscum
914 1807 1038 1845 faeere
1073 1808 1199 1848 dicas,
1258 1807 1288 1842 [i
1325 1805 1444 1842 fidele

94 1859 306 1899 mentium.

93 1995 142 2031 aa
170 2001 218 2041 8,
259 1996 304 2038 6,
345 2003 412 2042 58.
472 1996 741 2034 Conferendus
797 2008 896 2034 teras
949 1997 1152 2046 exigenda,
1229 1993 1446 2034 exhibenda,

93 2050 173 2086 huc
202 2053 324 2088 nostri
354 2052 465 2090 locus
498 2067 572 2094 ιι,
603 2062 640 2096 5,
674 2061 738 2097 57.
797 2068 1018 2104 quanquam
1062 2068 1109 2089 ne
1151 2054 1254 2106 haec·
1286 2051 1475 2102 quidem¹

889 472 1083 523 Nescio
1143 484 1322 522 tamen
1378 488 1446 521 an
1470 489 1520 527 57

95 2107 196 2155 seqq.
208 2108 304 2144 item
328 2123 345 2144 1
355 2119 419 2151 70.
435 2116 524 2153 182.
548 2109 642 2144 item
656 2110 738 2146 Cic.

30 2191 35 2198 ,
97 2161 205 2199 Orat.
252 2178 284 2200 c.
313 2172 376 2209 ¹8·
423 2166 592 2212 epilogus
622 2179 741 2214 paene

96 2222 290 2260 canticum,
312 2221 522 2270 Plin.Epp.
537 2231 572 2262 2,
599 2233 612 2254 ι
625 2227 660 2264 4,
679 2229 738 2264 ¹3·

95 2274 292 2312 indicante
305 2278 483 2313 Gesnero.
503 2275 652 2325 Plasma
669 2290 741 2313 vo-

97 2332 256 2369 cabatur
275 2346 294 2368 a
313 2333 443 2370 nostro
468 2346 485 2368 ι
500 2359 512 2375 ,
545 2340 582 2378 8,
617 2344 654 2369 2.

155 2453 220 2490 57.
240 2443 402 2494 cufiodia
413 2468 471 2475 —-
482 2447 741 2484 examinanda.

95 2502 202 2538 Mire
242 2503 337 2538 haec
381 2505 621 2552 junguntur,
679 2517 742 2539 me

100 2558 260 2605 quidem
324 2559 481 2596 nullum
547 2561 744 2606 ejusmodi

100 2611 310 2652 locutionis
399 2615 621 2665 exemplum
700 2619 743 2653 in

101 2679 260 2718 promtu
325 2673 514 2715 habente;
573 2674 742 2711 malebas

104 2727 307 2774 agitanda,
346 2730 514 2778 agenda:
543 2729 644 2767 ferre
671 2744 743 2780 po-

797 2111 974 2160 usurpata
994 2112 1161 2159 reperio.
1222 2109 1357 2144 Eritne
1370 2106 1446 2155 igi·

797 2176 862 2200 tur
880 2169 1092 2202 examinare
1111 2167 1186 2202 hoc
1209 2166 1319 2205 loco:
1355 2175 1447 2198 cum

798 2221 1004 2271 diligentia
1039 2223 1312 2261 administrare,
1342 2219 1450 2268 quali
1490 2252 1492 2255 .

799 2290 935 2315 cuncta
958 2280 1193 2329 experiendo
1226 2290 1262 2314 et
1284 2277 1450 2312 minima

799 2333 1039 2372 discriminis
1077 2346 1274 2372 momenta
1314 2332 1447 2383 explo-

798 2391 954 2428 tando?

849 2447 934 2497 sine
965 2449 1088 2485 dubio.
1150 2451 1301 2498 Spectat
1328 2448 1376 2483 ad
1404 2446 1448 2482 id.

802 2506 908 2554 quod
948 2519 1045 2541 mox
1095 2504 1260 2541 infertur
1308 2509 1342 2554 §.
1380 2510 1445 2548 58.

801 2563 951 2597 Praeter
962 2563 1028 2598 hoc
1049 2571 1181 2598 tamen.
1204 2563 1250 2599 cf.
1270 2576 1303 2603 ι,
1327 2562 1362 2602 6,
1383 2571 1444 2597 12.

799 2619 954 2654 Deinde
995 2616 1128 2667 statim
1165 2618 1278 2669 accus.
1328 2620 1447 2655 inter·

799 2686 951 2725 pretare
977 2676 1122 2712 Graeco
1144 2674 1286 2711 αὐτίκα.

861 2730 972 2782 Caffii
992 2733 1125 2769 Severi.
1155 2732 1204 2771 cf,
1238 2745 1298 2773 ιο,
1324 2746 1359 2775 ι,
1383 2740 1449 2770 22.
