1676 3028
247 261 344 310 334
549 253 622 299 M.
656 255 789 300 ΕΑΒ.
825 253 1233 314 QU1NT1LtAN1

245 372 517 424 Aeschines
543 374 717 424 dixiffe
742 373 1006 433 videatur,
1045 373 1238 448 quidsi
1267 375 1428 450 ipsum
1456 399 1548 430 au-

243 445 472 522 dssecis?
562 454 626 498 Et
682 452 757 499 M.
815 450 997 499 Cicero
1053 468 1204 498 unam
1252 455 1301 501 in
1344 456 1546 505 dicendo

198 543 225 582 8
247 527 486 574 accionem
517 525 764 573 dominari
793 534 952 590 putat.
1017 528 1122 574 Hac
1145 527 1237 575 Cn.
1264 531 1548 579 Lentulum

243 601 364 665 plus
393 600 656 664 opinionis
679 598 1025 657 consecutum,
1058 616 1216 664 quam
1234 602 1547 666 eloquentia,

243 674 423 722 tradit:
462 674 639 722 eadem
658 676 712 724 C.
738 675 1024 722 Gracchum
1045 676 1102 722 in
1124 674 1359 724 deflenda
1378 677 1548 728 fratris

241 764 367 797 nece
383 751 542 798 totius
559 750 747 816 populi
761 751 981 798 Romani
1001 750 1233 815 lacrimas
1257 751 1548 800 concitass'e:

241 834 296 871 et
334 825 623 874 Antonium
673 835 725 872 et
772 822 1003 874 Craffum
1051 827 1281 874 multum
1322 818 1554 885 valuiss'e‚¹

241 898 530 964 plurimum
550 915 677 948 vero
695 904 753 968 Q.
771 898 1118 949 Hortensium.
1161 904 1239 962 cuj
1248 918 1304 950 us
1322 903 1399 950 rei
1417 900 1552 951 fides

241 972 341 1031 est,
396 974 542 1039 quod
582 979 691 1033 eius
729 973 912 1040 scripta
946 985 1148 1024 tantum
1183 978 1319 1024 intra
1361 976 1550 1025 famam

240 1047 386 1107 sunt,
424 1067 525 1114 qua
556 1050 662 1098 diu·
675 1050 917 1115 princeps
939 1059 1232 1108 oratorum,
1268 1051 1547 1114 aliquando

240 1124 474 1173 aemulus
502 1126 766 1174 Ciceronis
789 1123 1101 1173 existimatus
1129 1123 1226 1183 est,
1266 1125 1546 1183 noviffime,

239 1199 415 1267 quoad
435 1199 581 1256 vixit,
619 1199 904 1247 secundus:
943 1209 1005 1247 ut
1027 1209 1277 1263 appareat,
1307 1199 1548 1265 placuiss'e

238 1274 440 1339 aliquid
461 1291 524 1323 eo
553 1274 773 1331 dicente,
800 1272 945 1338 quod
966 1274 1193 1338 legentes
1216 1291 1327 1323 non
1344 1276 1550 1324 inveni-

236 1424 488 1472 Hypocritem.
515 1424 562 1461 cf.
593 1437 609 1459 1
624 1431 646 1466 ,“
665 1438 734 1467 ιο,
757 1433 793 1470 4.
830 1436 866 1469 2,
897 1435 958 1470 17,
980 1435 1042 1462 22.
1088 1426 1120 1461 A
1138 1437 1195 1475 pr.
1220 1438 1272 1461 m.
1293 1424 1396 1462 Flor.
1417 1410 1549 1463 andro-

234 1482 364 1515 nicum.
585 1479 780 1528 audiffetis.
800 1481 924 1517 Guelf.
948 1479 1126 1530 audzſj‘ent
1145 1493 1231 1515 cum
1248 1493 1366 1528 marg.
1391 1481 1501 1516 Bam.

317 1574 354 1612 3.
389 1568 465 1603 Hae
494 1570 558 1604 Cn.
589 1569 639 1603 L.
687 1569 816 1604 Turic.
848 1569 935 1604 haec
971 1569 1021 1604 N.
1061 1569 1171 1604 Lent.
1206 1568 1306 1603 Flor.
1349 1569 1447 1603 Nam
1478 1571 1543 1605 Cn.

231 1623 281 1660 L.
313 1625 443 1671 Camp.
476 1625 554 1658 Hac
580 1626 675 1657 enim
694 1625 743 1659 L.
777 1626 876 1659 Ante
906 1624 971 1659 Gr.
996 1624 1126 1660 Turic.
1149 1624 1295 1658 omittit
1315 1624 1354 1659 C.
1376 1636 1448 1672 pro
1470 1633 1545 1659 tra-

232 1679 289 1714 dit
311 1679 415 1714 idem
439 1678 594 1712 tradidit
619 1689 655 1713 et
676 1691 778 1726 quem
799 1692 870 1727 pro
898 1692 1017 1728 quam.
1039 1677 1164 1714 Guelf.
1178 1677 1350 1726 secutum.

344 1742 378 1768 et
406 1735 615 1768 Antonium.
649 1734 710 1768 Sic
731 1734 860 1768 Turio.
881 1733 983 1768 Flor.
1003 1733 1131 1780 Camp.
1151 1745 1235 1767 cum
1256 1732 1357 1767 Alm.
1387 1732 1543 1782 Reliqui

234 1788 427 1825 omittunt
440 1796 486 1823 et.
742 1802 815 1837 qua
844 1789 918 1822 diu.
954 1787 1016 1822 Sic
1038 1788 1167 1822 Turio.
1189 1787 1320 1822 Ambr.
1343 1797 1378 1823 2.
1408 1771 1542 1837 hamp-

232 1844 406 1892 quamdiu
425 1842 527 1878 Flor.
541 1839 665 1878 Guelf.
689 1842 771 1887 (hic
793 1843 1005 1886 diremtim)
1023 1855 1108 1877 cum
1121 1842 1236 1877 Goth.
1257 1842 1357 1879 Voss'.
1373 1851 1408 1878 2.
1430 1845 1542 1880 Bern.

231 1900 329 1938 Jens.
360 1897 517 1945 Reliqui
539 1900 600 1946 qui
618 1899 654 1934 d.
685 1899 783 1933 Mox
802 1907 927 1934 orator
939 1897 1068 1933 Turic.
1084 1895 1186 1934 Flor.
1209 1897 1341 1932 Ambr.
1359 1907 1395 1933 2.
1415 1897 1541 1934 Guelf.

233 1953 349 1989 Goth.
378 1954 474 1991 Jens.
501 1954 599 1998 (tac.
622 1954 757 1997 Gesn.)
788 1967 874 1989 cum
895 1953 998 1990 Voss.
1022 1962 1058 1986 2.
1081 1961 1119 1995 3.
1169 1952 1242 1987 Sed
1271 1951 1368 1991 Vall.
1401 1962 1438 1988 et
1463 1953 1542 1998 jam

233 2010 364 2057 Camp.
388 2018 425 2044 ct
446 2008 559 2044 Tarv.
581 2008 747 2044 nostrum
769 2009 879 2050 dant;
911 2007 956 2043 cf.
983 2015 1018 2051 5,
1047 2019 1107 2048 10,
1131 2018 1194 2054 9¹·

284 2127 338 2164 Et
361 2128 427 2166 M.
449 2129 582 2165 Cicero.
613 2129 709 2167 Satis
735 2126 855 2164 aliena
912 2128 992 2174 ejus
1024 2127 1156 2163 nimiis
1186 2127 1228 2161 in
1252 2122 1405 2176 'agendo
1428 2139 1540 2163 mun·

228 2183 322 2220 haec
339 2183 493 2219 videtur
513 2185 772 2232 praenominis
794 2185 854 2219 ad·
912 2183 1018 2218 ditiis
1047 2193 1084 2218 et
1113 2182 1272 2230 gestibus
1304 2183 1460 2218 dicteria
1481 2195 1539 2218 re·

228 2240 364 2286 jectio:
416 2252 530 2287 quare
568 2241 700 2275 malim
726 2239 856 2275 Etiam
910 2239 1104 2274 ferentem.

230 2297 303 2330 Cic.
341 2304 384 2328 ut
410 2295 546 2329 monui
575 2295 621 2330 ad
657 2309 689 2336 ι,
722 2306 782 2335 10,
815 2300 853 2337 4.

228 2350 276 2385 cf.
305 2349 422 2398 praef.
449 2350 558 2385 nostr.
580 2364 618 2398 p.
638 2361 700 2398 79.
741 2350 856 2384 Dixit
968 2356 1004 2394 3.
1027 2351 1123 2384 intra
1134 2348 1287 2395 famam.
1310 2348 1356 2384 cf.
1379 2357 1415 2392 5,
1437 2362 1471 2390 1,
1502 2360 1536 2383 ι.

228 2406 355 2439 autem
374 2404 466 2440 haec
486 2405 620 2442 Cicero
638 2407 682 2441 de
701 2405 768 2441 Or.
781 2405 855 2438 ini-
913 2406 1004 2443 item
1036 2404 1100 2438 hic
1130 2406 1161 2448 Β.
1183 2409 1246 2450 45.
1272 2416 1319 2438 ne
1349 2404 1457 2439 forte‘
1473 2416 1536 2437 au-

229 2459 285 2493 tio
297 2471 374 2507 cap.
388 2460 452 2502 56.
478 2461 539 2495 De
549 2461 728 2500 Lentulo,
745 2460 856 2494 Grac·
912 2459 1042 2496 [cultes
1073 2458 1224 2494 Gallaeo
1258 2457 1464 2505 corrigenti
1483 2459 1536 2491 ἰη-

229 2513 316 2553 cho,
352 2515 542 2555 Antonio,
572 2517 720 2557 Crass‘o,
752 2515 854 2549 Hor·
903 2515 970 2563 fra
987 2515 1044 2562 f..·
1070 2527 1180 2562 quem
1212 2513 1374 2548 revincit
1403 2513 1534 2546 Burm.

228 2568 347 2603 tensio
364 2568 446 2604 loca
466 2571 600 2606 suntin
610 2573 730 2607 Bruto
744 2581 773 2604 e.
789 2570 852 2607 66.
911 2571 957 2606 cf.
986 2568 1188 2604 Dukerum
1217 2568 1259 2602 in
1279 2567 1406 2601 Indice
1429 2566 1535 2601 Flori

228 2629 293 2668 89.
310 2630 393 2667 '58.
426 2631 488 2667 45.
515 2633 580 2671 83.
624 2626 669 2661 de
689 2626 794 2662 Orat.
815 2634 852 2669 5,
909 2626 948 2660 h.
975 2637 1013 2660 v.
1032 2624 1146 2658 nostri
1175 2634 1326 2671 quoque
1354 2621 1432 2657 loci
1455 2634 1535 2658 non

231 2677 294 2719 56.
323 2679 366 2712 In
377 2680 577 2716 Hortensio
597 2681 760 2716 remittit
778 2679 853 2724 jam
910 2681 1186 2715 immemorem.

227 2732 370 2781 Regius
401 2733 448 2768 ad
469 2734 638 2773 Gellium
673 2749 707 2778 ι,
737 2744 775 2779 5.
808 2737 853 2772 de
