1676 3028
371 98 559 180 χιΝὸΤ.
599 109 886 179 οΒΑΤοΒῙ
911 134 1030 176 Lm.
1068 133 1142 188 x,
1180 132 1225 177 6.
1389 145 1482 190 237

133 265 376 322 fidelius,
454 261 604 327 quod
667 261 816 311 nulla
876 258 1142 308 scribendi
1210 256 1487 309 securitate

133 344 350 393 laxatur.
431 339 533 389 Sed
568 355 637 389 ne
670 339 736 386 ad
765 339 901 387 hanc
938 336 1159 403 quidem
1193 339 1307 386 vim
1345 339 1489 402 cogi-

133 419 282 470 tandi
315 404 606 485 ‘perveniri'
632 415 801 481 potest
835 426 927 465 aut
962 414 1165 472 subito,
1240 425 1331 463 aut
1363 415 1486 462 cito.

134 499 276 547 Nam
307 497 543 562 primum
576 492 814 542 facienda
844 493 1029 542 multo‘
1051 490 1170 541 stilo
1205 490 1376 540 forma
1399 490 1489 549 est,
1513 507 1538 543 '0'

46 590 275 640 943quae
317 589 416 621 nos
465 572 624 620 etiam
684 574 970 636 cogitantes
1022 567 1300 635 sequatur.-
1378 579 1496 617 tum

136 648 474 699 assumendus
500 646 626 697 usus
651 649 926 714 paulatim,
964 657 1026 696 ut
1058 664 1225 712 pauca
1251 647 1490 712 primum

137 727 551 792 complectamur
591 727 800 783 animo,
874 742 1010 790 quae
1047 723 1203 772 reddi
1251 722 1488 772 fideliter

136 802 348 872 poffint:
388 819 516 850 mox
554 819 647 867 per
670 804 992 851 incrementa
1014 812 1120 850 tam
1148 800 1388 859 modica,
1427 810 1490 849 ut

138 880 347 930 onerari
374 877 424 926 se
447 879 598 928 labor
618 880 711 926 ille
741 897 854 928 non
886 878 1086 936 sentiat,
1130 877 1369 944 augenda
1390 879 1492 936 vis,

135 967 189 1005 et
223 956 595 1005 exercitatione
631 957 798 1004 multa
838 954 1161 1005 continenda
1194 953 1296 1013 est,
1355 972 1491 1020 quae

134 1032 356 1098 quidem
400 1033 628 1080 maxima
674 1049 738 1080 ex
770 1042 918 1099 parte
959 1032 1219 1096 memoria
1261 1030 1488 1081 constat:

133 1109 368 1175 ideoque
413 1108 592 1174 aliqua
632 1108 771 1162 mihi
811 1111 872 1158 in
908 1109 1068 1159 illum
1107 1109 1292 1159 locum
1336 1104 1492 1158 diffe-

214 1320 384 1370 fidelius,
419 1323 530 1370 quod.
560 1323 694 1359 Turio.
726 1322 831 1358 Flor.
856 1321 892 1370 f.
921 1336 990 1371 que
1030 1322 1251 1361 ditemini,
1282 1320 1342 1356 sed
1363 1320 1492 1357 Guelf.

129 1377 368 1427 fideliusque.
402 1378 521 1414 Goth.
548 1379 583 1427 f.
605 1393 700 1428 quae
722 1394 810 1415 cum
821 1378 923 1414 Alm.
944 1379 1051 1417 Voss.
1067 1389 1103 1414 2.
1135 1379 1328 1413 inhaerent
1339 1375 1374 1423 f.
1400 1390 1494 1426 quae

133 1448 172 1524 rba.
196 1432 229 1483 s.
251 1433 286 1483 s.
317 1435 494 1471 laxantur
542 1436 675 1485 Gamp.
710 1436 818 1485 quod
853 1435 991 1485 placet.
1053 1435 1218 1472 Omittit
1246 1433 1375 1470 Guelf.
1400 1433 1494 1482 scri-

159 1490 255 1525 endi.

221 1611 259 1647 3.
293 1603 411 1640 multo
435 1601 545 1653 fiilo.
588 1605 724 1641 Turio.
753 1605 968 1654 posterius,
1020 1606 1155 1655 Camp.
1190 1617 1280 1640 cum
1310 1603 1431 1641 Goth.
1462 1615 1501 1640 et

134 1658 237 1696 vall.
270 1660 381 1708 prius
415 1662 575 1697 omittit.
813 1664 927 1698 etiam
958 1665 1182 1711 cogitantes.
1222 1662 1321 1701 Jens.
1355 1662 1499 1709 incogi-

138 1724 258 1752 tantes
288 1729 378 1752 cum
400 1718 486 1753 edd.
509 1717 670 1766 posterr.
693 1729 780 1754 ante
803 1718 894 1757 Ald.
920 1720 991 1768 qui
1017 1733 1083 1754 nec
1103 1721 1323 1766 cogitantes.

227 1781 303 1808 tam
343 1775 490 1809 modica
514 1794 567 1802 —
593 1775 712 1810 labor.
766 1775 902 1811 Turio.
955 1785 1034 1811 tam
1080 1776 1162 1810 odit
1204 1776 1419 1811 autonetari
1454 1774 1496 1816 L,

135 1843 161 1865 a
180 1830 249 1865 sec.
270 1841 323 1865 m.
365 1838 391 1864 t.
413 1831 516 1866 edica
537 1841 578 1867 ut
600 1845 661 1867 on.
705 1830 857 1879 reliqua
879 1845 960 1868 non
985 1831 1183 1867 adduntur
1206 1846 1227 1867 a
1257 1832 1495 1868 conferente.

138 1885 244 1922 Flor.
274 1890 323 1928 (na
343 1900 402 1935 pr.
423 1889 504 1931 m.)
538 1896 615 1923 tam
646 1889 728 1923 odic
757 1896 822 1923 ant
842 1890 990 1924 onerari
1020 1888 1045 1923 l.
1331 1891 1400 1924 vis.
1434 1888 1498 1923 Sic

141 1942 275 1979 Turic.
302 1942 408 1979 Flor.
439 1943 523 1988 (hic
543 1958 564 1979 a
582 1958 643 1994 pr.
666 1946 739 1991 m.)
770 1944 932 1994 Reliqui
960 1943 1036 1994 usu.

204 2120 243 2154 5.
271 2112 443 2159 augenda
473 2113 528 2148 vis
548 2133 602 2141 —
625 2127 718 2163 quae
736 2133 795 2143 —-

141 2170 323 2204 memoria
340 2165 492 2215 confiat.
525 2168 795 2217 'Significatur

138 2226 202 2260 vis
250 2223 373 2259 animi
420 2223 576 2273 longam
635 2238 794 2275 quoque

146 2280 366 2316 orationem
435 2281 514 2317 sine
586 2282 795 2330 scriptione

145 2335 442 2385 complectentis
456 2350 465 2378 ;
488 2350 606 2387 eaque
623 2340 795 2386 augenda

145 2392 196 2428 est
232 2395 294 2436 (ut
321 2393 496 2429 vitulum
545 2395 646 2431 ferre
678 2396 796 2431 affue-

142 2448 283 2484 l'cendo
331 2462 428 2485 mox
491 2461 646 2487 taurum
686 2451 795 2493 ferat,

147 2506 195 2540 cf.
224 2520 267 2547 1,
302 2517 347 2554 9,
381 2509 435 2551 5.)
467 2516 504 2542 et
534 2510 798 2543 exercitatione

147 2563 371 2598 continenda
402 2563 468 2604 (cf.
507 2565 553 2600 de
586 2563 654 2599 tali
676 2565 796 2611 hujus

145 2617 261 2653 verbi
280 2619 349 2655 usu
370 2619 471 2655 dicta
488 2620 535 2656 ad
553 2621 664 2656 inser.
676 2620 798 2656 nostri

148 2671 244 2708 libri
261 2685 298 2710 et
317 2676 452 2712 Burm.
477 2677 524 2712 ad
548 2679 703 2713 Petron-
727 2679 796 2722 2.)‚

850 2114 1055 2163 postquam
1099 2113 1232 2162 forma
1283 2123 1503 2162 comparata

851 2171 932 2205 fuit
954 2170 1126 2219 plurima
1156 2170 1370 2206 scribendo.
1429 2169 1505 2206 Sed

851 2225 921 2260 illa
972 2226 1180 2275 „inscripta
1217 2224 1506 2274 complectendi

852 2283 969 2322 ,‚vis“
1019 2282 1116 2330 quid
1169 2294 1405 2331 magnopere
1454 2282 1506 2318 est

851 2338 927 2373 nisi
946 2335 1168 2374 memoria?
1188 2341 1323 2387 Itaque
1340 2340 1378 2374 in
1400 2340 1506 2374 illum

855 2395 975 2430 locum
1005 2394 1094 2443 (lib.
1126 2409 1191 2431 ιι.
1230 2407 1311 2444 cap.
1344 2397 1400 2439 2.)
1431 2396 1505 2431 dif-

854 2450 1040 2487 ferendus
1062 2464 1109 2486 ex
1130 2463 1266 2500 magna
1293 2463 1400 2500 parte
1423 2453 1505 2498 ejus

854 2517 1051 2544 tractatus.
1079 2507 1130 2555 pf.
1155 2508 1237 2554 ejus
1263 2521 1343 2557 cap.
1380 2511 1506 2556 §.41-

855 2564 928 2599 ubi
950 2563 1114 2599 Milonis
1133 2564 1381 2600 Crotoniatae
1405 2565 1507 2599 [imi-

854 2619 1025 2656 litudine
1041 2621 1157 2657 etiam
1171 2621 1360 2657 Gesnerus
1379 2621 1507 2658 utitur

854 2689 899 2712 m
918 2687 1023 2713 nota.
