1676 3028
294 265 393 314 284
540 266 543 275 2
589 257 683 306 .Μ.
717 256 849 302 FAB.
887 238 1296 315 oumrmtANt

293 378 437 428 causa
479 379 748 428 videretur
788 376 978 435 facere,
1019 388 1196 429 contra
1223 383 1357 444 quos
1391 379 1594 433 diceret.

218 460 270 505 86
292 455 431 504 Illud
461 456 613 503 etiam
640 456 698 501 in
718 454 844 513 jocis
868 454 1080 511 monui,
1115 469 1271 517 quam
1290 459 1455 520 turpis
1478 457 1598 509 effet

288 529 531 580 fortunae
561 527 852 577 insectatio:
921 539 971 577 et
997 545 1065 576 ne
1103 530 1161 577 in
1190 540 1328 580 totos
1361 531 1596 594 ordines,

291 617 381 655 aut
410 615 587 669 gentes
605 641 619 662 ‚
659 614 748 652 aut
769 605 1026 669 populos,
1061 606 1345 670 petulantia
1364 608 1597 658 incurre-

286 691 377 728 ret.
455 680 556 729 Sed.
586 681 798 728 interim
830 678 956 729 fides
982 682 1260 745 patrocinii
1281 683 1418 747 cogit
1441 701 1596 748 quae-

285 756 406 804 dam
430 757 495 805 de
522 754 768 805 universo
789 772 976 821 genere
994 756 1294 820 aliquorum
1314 757 1595 810 hominum

283 830 483 891 dicere,
527 832 614 880 vel
648 832 1038 889 libertinorum,
1085 833 1173 880 vel
1199 833 1430 882 militum
1445 871 1459 892 ,
1506 837 1595 885 vel

208 920 259 959 87
283 907 710 973 publicanorum,
746 908 832 955 vel
852 906 1085 956 similiter
1107 908 1358 957 aliorum:
1397 911 1456 958 in
1476 912 1594 974 qui-

279 982 378 1031 bus
409 984 656 1034 omnibus
695 1000 974 1032 commune
993 984 1282 1033 remedium
1307 983 1393 1043 est,
1434 996 1496 1035 ut
1518 1003 1591 1044 ea,

278 1073 412 1122 quae
437 1059 681 1116 laedunt,
720 1076 830 1107 non
857 1059 1079 1107 libenter
1100 1070 1312 1108 tractare
1335 1060 1588 1120 videaris;

274 1134 448 1182 necin
470 1136 645 1184 omnia
669 1136 925 1199 impetum
946 1133 1113 1192 facias,
1153 1133 1242 1183 sed
1261 1137 1318 1183 in
1339 1134 1412 1193 id,
1444 1136 1591 1200 quod

275 1210 686 1276 expugnandum
709 1209 803 1268 est;
827 1220 877 1258 et
894 1209 1294 1276 reprehendens,
1316 1211 1414 1259 alia
1435 1211 1589 1282 laude

272 1359 398 1395 Guelf.
429 1362 522 1397 Exc.
553 1363 702 1398 Samen.
733 1362 862 1408 Camp.
888 1358 1032 1409 secutus
1057 1373 1146 1396 cum
1165 1358 1271 1398 Voss'.
1291 1368 1328 1398 2.
1354 1360 1469 1396 Goth.
1491 1362 1588 1400 Jenr.
1652 1394 1655 1398 ,

270 1416 610 1454 Tarv.Nost1·u'm
632 1431 651 1452 e
673 1417 911 1453 correctione
932 1417 1056 1464 Regii.
1103 1415 1278 1463 Suspicor
1297 1416 1406 1451 fuiffe
1427 1416 1589 1465 consecu-

271 1479 348 1512 tus,
374 1484 463 1507 cum
481 1473 626 1520 plimae
644 1471 806 1520 syllabae
831 1473 1104 1519 compendium
1125 1470 1234 1505 facile
1255 1459 1461 1507 excideret
1482 1472 1528 1508 cf.
1551 1479 1587 1516 8,

267 1533 316 1568 5,
337 1535 374 1570 5.
409 1541 480 1567 10,
508 1541 550 1568 1,
574 1534 639 1572 25.
666 1527 787 1574 hic§.
810 1535 873 1573 93.
914 1528 1036 1562 Modo
1058 1526 1190 1564 Turic.
1212 1527 1242 1559 is
1259 1539 1331 1576 Pro
1352 1527 1418 1566 his,
1438 1537 1475 1563 et
1492 1539 1588 1563 mox

265 1580 370 1616 idem
393 1594 482 1621 cum
501 1582 604 1619 Flor.
631 1582 756 1619 Guelf.
779 1582 896 1617 dicere
911 1594 981 1630 pio
1007 1583 1151 1617 diceret.

349 1681 414 1726 86.
445 1684 550 1727 jocis.
591 1683 722 1718 Turic-
748 1682 850 1719 Flor.
882 1681 1008 1717 Guelf.
1040 1683 1135 1715 Exc.
1162 1682 1310 1715 Santen.
1335 1680 1465 1730 Camp.
1495 1681 1585 1717 locis

265 1746 353 1771 cum
376 1737 491 1774 Goth.
513 1739 614 1775 Voff.
633 1747 667 1773 2.
690 1749 726 1773 et
748 1738 831 1773 edd.
851 1747 935 1772 ante
954 1736 1040 1773 Ald.
1062 1737 1203 1784 Regius
1224 1735 1402 1772 correxit.

375 1802 484 1829 totos.
519 1795 649 1829 Turio.
681 1792 783 1829 Flor.
811 1791 938 1831 Guelf.
981 1801 1070 1827 toto.
1099 1803 1192 1826 mox
1219 1803 1291 1839 pro
1314 1789 1417 1838 fides
1451 1792 1582 1828 Turio.

259 1845 362 1883 Flor.
377 1847 527 1895 fideles,
550 1863 598 1884 ex
619 1848 718 1884 Alm.
742 1856 880 1884 tracte&
915 1858 997 1883 tum
1017 1849 1141 1882 interit:
1161 1847 1294 1882 Turic-

368 1905 563 1940 hominum.
577 1903 703 1940 Guelf.
725 1906 817 1939 Exc.
838 1906 987 1939 Santen.
1012 1903 1207 1938 omittunt.
1438 1903 1496 1939 vel
1517 1902 1580 1939 lib.

258 1956 322 1993 Sic
340 1959 436 1995 Jens.
461 1961 546 2002 (tac.
571 1961 696 2004 Gesn.)
723 1972 809 1995 cum
833 1959 916 1995 edd.
931 1959 1086 2007 posterr-
1108 1968 1192 1992 ante
1213 1958 1362 2007 Gryph.
1407 1959 1481 1994 Sed
1502 1959 1578 1993 Tu-

257 2013 326 2047 ric.
348 2013 449 2049 Flor.
470 2015 593 2053 Guelf.
622 2017 715 2050 Exc.
737 2017 887 2051 Santen.
913 2015 1029 2049 Goth.
1051 2016 1139 2060 (tac.
1161 2013 1293 2056 Gesn.)¹
1311 2014 1440 2062 Camp.
1465 2013 1578 2048 omit-

258 2077 347 2103 tunt
364 2070 422 2104 vel
434 2082 520 2106 cum
532 2072 634 2108 Voff.
650 2081 685 2106 2.
715 2071 873 2118 Reliqui
895 2079 934 2104 ut
953 2070 1014 2104 lib.
1032 2070 1078 2103 cf.
1093 2079 1128 2115 9,
1143 2075 1177 2112 4,
1193 2077 1253 2111 53.
1286 2069 1347 2103 Sic
1359 2079 1394 2103 et
1413 2083 1426 2102 1
1440 2081 1472 2108 ι,
1487 2077 1523 2110 5,
1541 2074 1576 2110 5.

258 2124 317 2157 vel
336 2125 520 2162 omittunt
544 2128 674 2163 Tui-ic.
694 2127 798 2162 Flor.
822 2126 906 2171 (etsi
928 2125 993 2160 hic
1013 2138 1036 2160 a
1053 2126 1116 2160 [ec.
1139 2137 1190 2160 m.
1216 2124 1381 2172 reponit,
1413 2123 1472 2159 sed
1491 2133 1576 2158 ante

257 2177 460 2229 Equidem)
482 2194 569 2217 cum
588 2182 689 2219 Alm.

344 2287 408 2324 87.
435 2281 597 2318 laedunt.
625 2281 750 2318 Guelf.
779 2282 872 2316 Exc.
899 2283 1049 2316 Samen.
1070 2279 1207 2327 legunt.
1328 2294 1340 2309 κ
1455 2291 1574 2328 repre-

255 2334 424 2370 hendens.
447 2338 576 2374 Turio.
605 2338 709 2374 Flor.
732 2337 829 2384 (hic
855 2351 875 2372 a
901 2338 970 2373 sec.
992 2349 1044 2373 m.
1079 2336 1183 2371 addit
1215 2348 1254 2371 re
1283 2345 1320 2370 et
1347 2334 1398 2370 fic
1416 2335 1573 2382 Camp.)

311 2465 375 2509 86.
413 2468 455 2501 ln
482 2469 577 2512 jocis
606 2471 757 2504 monui.-
783 2469 883 2511 „Su·
940 2467 1072 2502 derant
1090 2467 1175 2506 VV.
1192 2467 1282 2502 DD.
1307 2465 1570 2502 accusativum.

250 2533 345 2568 „pra
379 2522 423 2561 6,
445 2531 491 2567 5.
517 2531 581 2569 28.
621 2527 662 2559 In
691 2524 882 2559 calamita·
914 2522 1064 2560 ,Facile
1096 2522 1213 2557 fuerit
1239 2534 1310 2570 pro
1330 2529 1366 2555 et
1384 2534 1568 2569 reponere

249 2585 349 2615 „tem
379 2578 438 2613 uti
458 2579 625 2615 ridiculo
641 2572 752 2614 *vetat
770 2580 883 2615 etiam
939 2579 1061 2628 quod.-
1111 2576 1247 2612 deinde
1283 2575 1413 2611 malim
1451 2589 1567 2624 paene

249 2631 355 2670 „Cic-
378 2633 483 2670 Orat.
504 2647 534 2669 c.
556 2635 618 2671 26.
632 2640 656 2655 “
685 2635 881 2670 Gesnerus.
937 2646 1110 2683 premens.
1156 2631 1333 2666 Francius
1357 2630 1513 2675 conjicit
1532 2640 1567 2664 et

248 2687 339 2721 vide
361 2699 397 2723 et
419 2689 454 2728 6,
478 2698 514 2732 3,
537 2698 601 2734 34,
936 2703 979 2724 ea
1000 2704 1028 2724 r.
1074 2684 1250 2720 Rollinus
1274 2694 1310 2719 et:
1332 2685 1507 2732 quaedam
1536 2699 1561 2720 r.

305 2748 369 2787 87.
399 2752 436 2778 et
454 2746 725 2792 reprehendens.
771 2744 879 2780 Deci·
935 2742 1009 2778 Sed
1035 2739 1235 2789 fingularis
1265 2740 1444 2788 praestat,
1475 2741 1563 2788 quia
