1676 3028
1328 207 1420 251 321

346 201 508 247 1NsT.
544 198 822 247 ORATOR.
858 172 979 244 m.
1013 197 1107 253 xi,
1146 210 1188 239 2.

90 328 202 381 Ehe
236 326 527 379 manifesto*
547 326 840 394 intellectu,
877 319 1051 388 neque
1083 315 1422 388 inseriipossit.

5 408 181 470 995-An
217 422 347 459 vero
377 404 623 454 Scaevola
653 403 717 451 in·
749 400 868 451 lusu
897 399 1180 449 duodecim
1210 397 1428 465 scripto-
1450 421 1501 459 58

89 468 235 541 rum,
263 499 397 537 *cum
416 482 568 548 prior
595 479 855 528 calculum
878 474 1243 543 promoviffet‚
1281 473 1425 524 esset-

90 576 194 625 que
230 560 432 616 victus,
475 558 606 606 dum
636 573 726 605 rus
762 553 957 611 tendit,
997 554 1221 619 repetito
1261 554 1425 602 totius

90 636 391 700 certaminis
423 634 628 692 ordine,
668 650 777 699 quo
803 631 925 681 dato
951 628 1155 679 erraffet
1183 629 1425 680 recorda-

88 802 210 839 modo
251 801 455 851 dirigendis
491 799 608 836 solito
637 813 766 836 errore
806 796 924 834 Goth·
969 793 1069 845 (tac.
1107 797 1247 845 Gesn.)
1277 797 1324 832 cf.
1362 812 1428 838 11,

93 871 130 900 ι,
163 857 201 894 6.

119 991 123 994 Ι
182 953 248 993 58.
270 946 506 996 scriptorum.
539 946 658 982 Goth.
677 944 892 993 scruporum
917 956 1006 979 cum
1030 943 1130 982 Vall.
1159 945 1256 983 Jens.
1279 955 1316 980 et
1341 945 1430 983 edd.

61 996 65 1001 ⁸
87 1003 245 1056 posterr.
269 1013 355 1038 ante
373 1004 507 1038 Burm.
529 1015 609 1038 exc.
634 1002 794 1037 duabus.
856 1001 939 1035 Nec
966 995 1117 1039 dubito,
1141 1001 1236 1047 quin
1259 1002 1362 1038 VolI'.
1387 1011 1427 1038 2.

90 1064 248 1114 quoque
278 1059 393 1107 idem·
410 1058 495 1099 det,
528 1070 747 1107 quanquam
774 1065 810 1091 et
831 1054 896 1090 hic
919 1050 956 1090 'et
977 1054 1078 1091 Alm.
1102 1057 1206 1092 Voss.
1226 1070 1301 1104 que
1333 1072 1366 1092 1.
1388 1067 1429 1101 5.

19 1127 24 1147 ¹
88 1115 248 1154 silentur
270 1129 288 1150 a
312 1116 445 1151 Burm.
476 1115 588 1152 Vnde
609 1123 772 1162 apparet,
794 1110 1008 1147 vilioribus
1033 1111 1154 1147 Codd.
1179 1114 1429 1154 accensendos

87 1171 180 1208 illos
199 1182 286 1208 tres.
345 1171 529 1208 Nostrum
552 1171 654 1208 enim
679 1170 727 1205 est
746 1170 788 1204 in
808 1168 939 1203 Turio.
959 1167 1063 1203 Flor.
1084 1168 1217 1204 Ambr.
1241 1180 1276 1204 2.
1297 1169 1429 1208 Guelf.

90 1230 222 1276 Camp.
244 1227 339 1276 ipso,
363 1227 479 1276 Rufe„
496 1237 533 1262 et
554 1227 664 1262 Leid.
687 1238 850 1274 quarum
874 1223 957 1259 edd.
983 1223 1119 1259 ultima
1139 1223 1277 1259 collata
1300 1226 1429 1261 secum

88 1286 183 1319 Exe.
201 1285 350 1318 Samen.
373 1281 524 1318 t'rahere
546 1282 712 1322 videtur,
735 1294 808 1316 acc.
831 1279 936 1324 (teste
949 1279 1099 1314 Thoma
1113 1281 1227 1327 Hyde
1247 1281 1290 1315 in
1310 1294 1429 1330 opero

92 1340 139 1376 de
153 1337 408 1386 Nerdiludio)
429 1337 543 1372 Bodl.
565 1338 692 1383 (cujus
714 1337 778 1371 hic
801 1335 974 1372 omissam
994 1336 1233 1371 mentionem
1252 1337 1426 1388 Gibsono

91 1405 193 1431 recte
232 1393 440 1442 exprobrat
459 1393 628 1444 Burm.)
654 1394 827 1441 itemque
856 1393 973 1428 Bern.
1202 1407 1269 1431 νιιε,
1293 1394 1426 1430 tendit.

76 1450 194 1497 rior.
231 1450 392 1486 ostendit
419 1461 506 1484 cum
534 1448 637 1486 Alm.
668 1451 773 1498 (non
803 1448 933 1484 Turic.
955 1446 1001 1483 cf.
1029 1450 1062 1495 ᾗ.
1086 1446 1185 1496 56.)
1208 1441 1429 1486 reus'teizdit

144 1610 226 1650 58„
241 1604 303 1640 An.
329 1618 415 1641 vero
427 1624 479 1632 —-
492 1607 611 1640 minus
630 1605 727 1639 idem

89 1662 193 1698 ordo.
225 1660 273 1697 cf.
299 1673 362 1701 10,
384 1671 422 1705 3,
446 1671 509 1710 29.
547 1664 609 1697 De
630 1661 725 1696 ludo

90 1714 284 1754 duodecim
294 1715 515 1764 scriptorum
533 1718 597 1760 hic
618 1730 726 1764 agere

90 1772 196 1809 nihil
215 1772 361 1812 attinet,
373 1774 528 1809 Lexicis
550 1774 608 1818 (in
630 1785 727 1807 voce

26 1834 30 1836 '
91 1828 305 1876 Scriptum)
336 1829 493 1876 quaevis
520 1842 564 1864 eo
588 1829 727 1863 facien-

91 1885 144 1921 tia
176 1883 279 1932 larga
309 1896 426 1918 manu
448 1884 732 1932 praebentibus.

92 1939 331 1977 consulenda
353 1940 468 1975 etiam
484 1940 613 1976 Clavis
627 1940 732 1976 Cice-

93 1995 255 2032 roniana
294 1997 453 2031 Ernesti.
527 1997 573 2031 Id
607 2007 733 2032 tamen

94 2065 176 2088 non
197 2053 609 2100 praetermittendum,
638 2051 733 2087 cele-

96 2108 244 2144 bratam
273 2107 383 2143 fuiffe
401 2109 503 2156 apud
522 2120 670 2145 veteres
691 2108 733 2142 in

98 2163 235 2199 Mucio
254 2163 447 2203 Scaevola,
462 2165 612 2200 summo
627 2165 734 2204 ICto,

97 2218 217 2273 hujus
246 2218 332 2254 ludi
349 2220 551 2268 peritiam,
582 2220 628 2255 cf.
653 2220 732 2255 Cic.

28 2298 31 2303 ·
98 2275 146 2312 de
166 2274 236 2311 Or.
262 2278 295 2314 ι’,
315 2283 378 2318 50.
399 2276 493 2311 item
515 2287 626 2312 vetus
645 2276 737 2323 Epi-

97 2344 268 2383 gramma
295 2345 314 2366 ει
342 2331 522 2367 Salmasio
543 2332 738 2379 prolatum

33 2402 39 2432 ξ
97 2388 145 2424 ad
177 2387 334 2436 Vopisci
365 2388 574 2423 Proculum
615 2401 646 2423 c.
677 2396 739 2431 13.

99 2454 139 2480 et
166 2443 373 2491 repetitum
399 2458 419 2479 a
441 2445 548 2480 Gesn.
568 2445 612 2480 in
636 2444 738 2479 The-

62 2527 69 2531 .
99 2499 228 2540 sauro,
270 2513 289 2533 a
325 2502 550 2535 Bur-manno
581 2501 624 2536 in
663 2502 739 2534 Au-

87 2554 200 2609 ¹thol.
222 2557 295 2591 III.
316 2557 386 2604 Ep.
400 2567 464 2600 77.
486 2557 556 2592 ubi
575 2556 655 2592 vid.
669 2569 738 2591 no-

86 2610 178 2647 ¹tasx
197 2631 251 2638 —
278 2613 358 2647 Hoc
377 2626 466 2661 opus
486 2612 531 2660 (i.
556 2612 660 2647 hunc
679 2611 737 2646 lu—

104 2665 215 2714 dum)
241 2686 299 2696 --
328 2672 467 2706 amavit:
489 2689 539 2696 --
564 2668 740 2703 excellens

103 2721 255 2758 Mucius
283 2726 445 2772 ingenio.
501 2727 663 2761 Errores
694 2724 737 2759 in

165 2800 268 2838 Tom.
294 2803 362 2840 IV.

785 1601 920 1638 dandis
950 1602 1104 1638 calculis
1125 1604 1232 1648 (dare
1259 1605 1362 1640 enim
1380 1605 1428 1642 in

782 1659 854 1693 hac
907 1673 947 1694 re
987 1659 1151 1695 verbnm
1191 1662 1428 1708 proprium)

784 1715 1005 1750 commiss‘os
1043 1729 1225 1752 revocare
1265 1718 1432 1760 licniffe,

785 1770 935 1818 aliquot
965 1782 1140 1806 veterum
1174 1772 1283 1814 loeis,
1318 1786 1362 1809 ut
1390 1785 1428 1811 et

784 1826 934 1865 nostro,
967 1838 1141 1874 apparet.-
1178 1829 1270 1864 vide
1289 1829 1432 1878 impri-

790 1882 864 1917 mis
895 1883 1036 1918 Auson.
1068 1884 1268 1920 Profess'or.
1305 1898 1339 1926 1,
1363 1894 1431 1929 25,

789 1937 920 1973 locum
934 1939 1098 1974 Gesnero
1112 1940 1269 1975 citatum
1281 1940 1430 1978 inThe-

790 1994 921 2034 sauro,
954 1995 1023 2030 ubi
1047 1995 1183 2031 itidem
1203 1997 1372 2043 jactuum
1395 2009 1435 2035 et

792 2050 970 2085 datorum
995 2051 1038 2086 in
1069 2050 1147 2088 lioc
1175 2052 1264 2088 loco
1286 2067 1434 2090 memo-

789 2106 848 2141 ria
882 2105 1072 2145 laudatur.
1114 2108 1259 2145 Similis
1287 2111 1328 2145 in
1349 2124 1435 2145 πετ-

791 2162 864 2207 τείᾳ
887 2163 1122 2199 Graecorum
1143 2164 1319 2206 libertas,
1352 2179 1432 2214 quo

793 2216 947 2266 respicit
958 2219 1066 2255 Plato
1077 2221 1119 2255 in
1131 2221 1273 2269 Gorgia
1285 2236 1322 2270 p.
1339 2222 1434 2266 461.

796 2274 831 2309 d.
857 2284 894 2308 et
913 2275 1088 2311 disertius
1110 2287 1244 2312 auctor
1265 2279 1434 2327 Hippar-

795 2329 859 2364 chi
890 2339 1033 2378 p.229.
1069 2345 1101 2369 e.
1142 2333 1227 2370 Vid.
1258 2334 1433 2370 Boeckh.

793 2386 837 2420 in
869 2386 963 2423 Plat.
992 2388 1167 2423 Minoem
1197 2403 1234 2434 p.
1258 2396 1323 2433 40.
1365 2392 1433 2426 Fa-

797 2452 882 2477 teor
902 2454 1041 2484 autem,
1061 2444 1154 2492 quid
1174 2444 1218 2479 ad
1239 2445 1439 2483 historiam

795 2499 957 2534 nostram
984 2500 1108 2538 faciat,
1125 2501 1224 2547 quod
1238 2504 1344 2551 prior
1363 2505 1437 2539 cal-

797 2551 916 2590 culum
943 2557 1202 2606 promoviffet.
1232 2559 1334 2594 mihi
1355 2573 1438 2596 non.

795 2610 959 2665 liquere.
1020 2616 1104 2654 Au,
1154 2614 1263 2660 cujus
1309 2617 1437 2664 prima

798 2667 887 2702 effet
908 2667 1047 2704 calculi
1066 2670 1275 2716 promotio,
1291 2672 1434 2708 sirecte

796 2722 959 2766 iudei-et,
987 2738 1067 2763 non
1085 2736 1234 2776 poterat
1255 2725 1395 2766 vinei?

946 2803 986 2840 X
