1676 3028
342 215 505 262 INST.
545 214 822 261 ORATOR.
865 214 986 258 LIB.
1020 213 1118 268 XI,
1156 224 1201 255 2.
1344 222 1441 270 319

15 376 23 398 .
102 338 340 390 subirent
374 343 526 391 velut
572 339 800 391 otiosum
839 341 1078 388 animum
1124 338 1442 403 plerumque

103 418 235 467 aliae
276 420 644 483 cogitationes,
706 427 923 484 propter
967 432 1097 479 quas
1129 413 1439 473 excitandus

105 493 179 543 est
206 512 363 553 voce,
408 506 470 544 ut
504 495 707 561 duplici
736 504 890 543 motu
922 497 1138 555 juvetur
1166 491 1439 548 memoria,

105 570 320 620 dicendi
350 583 402 620 et
443 571 712 625 audiendi.
790 570 893 620 Sed
921 571 1048 619 haec
1085 586 1194 619 vox
1226 567 1292 617 sit
1321 583 1439 617 mo-

105 647 248 706 dica,
287 659 338 696 et
368 650 531 715 magis
561 666 820 698 murmur.
886 647 991 717 Qui
1025 657 1199 695 autem
1231 647 1437 711 legente
1461 648 1517 692 34

105 726 209 774 alio
232 724 439 784 ediscit,
475 727 532 775 in
550 736 696 792 parte
721 725 968 782 tardatur,
1005 724 1154 789 quod
1180 724 1347 771 acrior
1367 719 1441 769 est

106 803 405 860 oculorum,
448 819 606 867 quam
630 803 841 852 aurium
864 800 1068 850 sensus:
1109 803 1167 848 in
1194 809 1338 866 parte
1358 802 1442 860 ju-

106 880 220 927 vari
240 877 423 945 potest,
463 879 624 943 quod,
655 897 777 928 cum
799 878 958 927 semel
979 889 1070 926 aut
1089 878 1170 926 bis
1196 876 1442 934 audierit,

105 956 363 1004 continuo
393 956 477 1003 illi
504 954 1006 1013 memoriamsuam
1040 955 1268 1019 experiri
1301 954 1441 1011 licet,

17 1042 159 1090 992et
182 1049 304 1081 cnm
334 1033 540 1098 legente
569 1032 902 1082 contendere.
979 1032 1123 1080 Nam
1154 1042 1205 1078 et
1238 1031 1444 1094 alioqui

105 1107 165 1158 id
181 1098 408 1158 maxime
428 1107 734 1158 faciendum
760 1107 847 1166 est,
874 1119 936 1157 ut
956 1124 1056 1156 nos
1081 1106 1307 1156 subinde
1328 1116 1443 1155 ten-

105 1195 307 1235 temus:
350 1187 475 1250 quia
513 1188 765 1235 continua
794 1187 979 1242 lectio,
1019 1195 1069 1232 et
1103 1201 1239 1248 quae
1261 1185 1443 1249 magis,

84 1291 86 1293 >
88 1269 161 1310 et
183 1278 316 1326 quae
338 1264 518 1312 minus
537 1263 770 1320 haerent,
797 1263 1084 1327 aequaliter
1099 1264 1301 1311 transit.
1379 1265 1442 1310 In
1464 1268 1517 1308 55

109 1338 455 1404 experiendo,
495 1350 761 1397 teneasne,
801 1350 852 1387 et
889 1341 1055 1399 major
1093 1339 1321 1388 intentio
1355 1331 1445 1396 est,

107 1425 162 1464 et
180 1415 319 1464 nihil
339 1414 652 1482 supervacui
670 1418 924 1481 temporis
947 1417 1097 1481 perit,
1131 1424 1240 1480 quo
1269 1417 1444 1473 etiam,

108 1509 241 1557 quae
269 1502 534 1550 tenemus,
582 1494 749 1558 repeti
776 1492 971 1542 solent:
1019 1493 1091 1539 ita
1123 1491 1262 1550 sola,
1310 1508 1446 1556 quae

107 1563 440 1628 exciderunt,
480 1579 851 1629 retractantur,
886 1579 948 1618 ut
970 1570 1148 1618 crebra
1167 1570 1446 1618 iteratione

52 1770 58 1777 ι
109 1723 240 1760 'rm-ic.
269 1723 374 1761 Flor.
407 1725 534 1762 Guelf.
566 1726 751 1762 omittunt
770 1723 808 1774 si
838 1737 924 1760 cum
951 1725 1053 1762 Alm.
1085 1726 1242 1763 Omittit
1267 1727 1306 1761 id
1327 1725 1447 1762 modo

110 1787 360 1829 ante'quoque
388 1781 517 1816 Guelf.
535 1783 630 1817 item
652 1794 746 1816 mox
768 1782 832 1816 dat
850 1784 931 1818 voci
954 1795 1042 1816 cum
1063 1783 1156 1817 Exc.
1178 1785 1328 1819 Samen.
1351 1782 1448 1817 item

111 1837 307 1872 decuerunt
337 1837 454 1872 Goth.
486 1839 584 1882 (tae.
608 1838 746 1882 Gesn.)
783 1850 871 1872 cum
892 1838 998 1875 Voff.
1022 1847 1057 1873 2.
1320 1847 1356 1873 et
1382 1853 1448 1873 au·

111 1893 250 1928 aiendi.
280 1894 408 1928 Tui-ic.
431 1894 579 1932 omittit
601 1907 688 1930 cum
710 1894 812 1929 Alm.
841 1907 921 1929 non
943 1893 1046 1930 Flor.
1069 1894 1132 1938 (cf.
1154 1894 1305 1941 modo.)
1327 1895 1447 1932 Goth.

111 1948 177 1984 hic
197 1950 306 1984 modo
328 1962 399 1997 pro
422 1959 549 1992 motu„
569 1951 675 2000 quod
701 1951 826 1999 ipsum
849 1950 1004 1999 optabat
1023 1951 1219 1992 Francius,
1240 1950 1353 1986 male.

196 2045 262 2082 54.
294 2042 413 2075 acrior
432 2037 494 2088 est.
524 2042 655 2076 Turio.
678 2041 838 2080 omittit,
861 2039 973 2076 solus.
1209 2051 1244 2075 et
1269 2054 1362 2090 quae
1384 2041 1449 2075 mi-

112 2108 192 2131 nus.
207 2096 341 2132 Ambr.
357 2107 393 2132 2.
415 2096 575 2133 omittit.
600 2097 726 2134 Guelf.
750 2108 784 2131 et
808 2098 936 2133 minus.
978 2096 1102 2132 Modo
1126 2096 1165 2131 id
1186 2097 1333 2132 omittit
1344 2096 1448 2134 Flor.

114 2162 152 2187 et
174 2151 291 2201 paulo
314 2163 398 2187 ante
422 2152 506 2187 licet
534 2153 633 2189 abest
662 2153 707 2188 ab
731 2153 836 2190 Voff.
864 2167 896 2188 1.
923 2162 960 2196 5.
1194 2153 1355 2193 haerent,
1390 2166 1449 2188 ae-

114 2209 282 2257 qualiter.
312 2208 415 2244 Flor.
445 2209 573 2244 harenc
594 2224 648 2245 ae.
681 2210 819 2244 Ambr.
846 2218 883 2242 2.
916 2209 1048 2243 haeret
1038 2218 1090 2244 ce
1117 2210 1285 2257 qualiter.
1315 2209 1448 2258 Camp.

112 2264 215 2306 (nist
251 2265 358 2358 q‘iilod
388 2278 458 2314 per
487 2267 548 2309 E)
579 2267 702 2302 haeret
731 2280 788 2301 ae.
825 2278 914 2301 cum
946 2265 1064 2302 Goth.
1093 2265 1200 2304 Voss.
1225 2275 1261 2301 2.
1294 2275 1332 2301 et
1361 2265 1448 2303 edd.

27 2317 38 2323 ’
111 2329 199 2356 ante
218 2320 271 2356 Ba

203 2419 268 2455 55.
300 2413 431 2459 repeti.
460 2410 564 2449 Flor.
595 2410 723 2448 Guelf.
751 2412 844 2447 Exc.
868 2413 1019 2448 Samen.
1041 2412 1173 2461 Camp.
1194 2414 1346 2462 reperiri
1362 2425 1452 2449 cum

116 2467 235 2504 Goth.
267 2468 371 2504 Voff.
401 2483 435 2504 1.
460 2480 496 2505 2.
526 2478 562 2512 5.
595 2467 708 2503 Bodl.
740 2471 872 2503 Ioann.
905 2479 942 2503 et
971 2468 1055 2504 edd.
1088 2480 1173 2504 ante
1193 2468 1280 2505 Ald.
1304 2471 1454 2519 reperiti

113 2525 249 2560 Ambr.
282 2535 318 2560 2.
376 2525 500 2560 Modo
538 2527 670 2573 Camp.
691 2523 956 2573 supervacanei
987 2538 1074 2559 cum
1104 2525 1225 2561 Andr.
1250 2525 1337 2562 Ald.
1381 2526 1456 2569 sed

115 2580 235 2616 Goth.
263 2582 361 2628 petit
382 2595 454 2629 pro
480 2584 587 2630 peric.
620 2580 747 2617 Guelf.
779 2595 851 2630 quo
882 2592 1053 2616 tenemus.
1103 2580 1194 2622 Illa,
1225 2595 1321 2631 quae
1342 2583 1392 2618 est
1410 2583 1454 2617 in

117 2635 220 2673 Voss'.
242 2647 278 2674 2,
310 2637 512 2673 omissione
532 2637 697 2674 horum:
732 2639 786 2672 ita
801 2637 886 2685 sola
905 2658 963 2665 —
984 2652 1193 2687 quanquam
1206 2638 1332 2687 solent
1353 2647 1454 2673 caret

116 2690 237 2727 Goth.
268 2693 411 2728 Contra
431 2695 473 2730 in
488 2693 616 2731 Guelf.
632 2694 893 2730 desiderantur
907 2695 1021 2729 haec:
1043 2708 1249 2744 quanquam
1263 2694 1456 2744 solent-—

121 2746 219 2795 quod
243 2750 464 2786 exciderunt.
687 2752 900 2787 iteratione.
930 2751 994 2786 Sic
1006 2751 1402 2788 Turic.Flor.Ambr.
1417 2759 1458 2786 2.
