1696 3016
1093 9 1118 21 Q

334 197 499 244 1Ns‘r.
550 184 830 243 ORATOR.
875 194 997 239 ΜΒ.
1046 194 1117 251 x,
1168 206 1211 239 1.
1381 203 1444 253 41

32 382 35 383 ⁷
93 326 198 394 qhe
234 325 410 392 operis
456 321 712 391 ingress'us
748 324 807 372 in
853 319 1164 389 pauciffimis
1210 320 1450 373 verfibus

91 405 266 470 legem
317 403 751 468 prooemiorum,
821 417 934 450 non
989 400 1140 459 dico,
1205 390 1450 459 servavit,

93 479 185 530 sed
236 477 542 530 constituit?
603 479 745 527 Nam
782 477 1110 527 benevolum
1153 476 1452 527 auditorem

93 558 434 608 invocatione
452 557 719 612 Dearum,
759 571 888 620 quas
916 553 1210 620 praefidere
1236 555 1452 604 vatibus

41 651 45 653 ’
96 633 357 683 creditum
400 631 523 692 est,
557 643 610 681 et
646 632 912 681 intentum
960 630 1230 698 proposita
1268 647 1454 680 rerum

93 710 488 777 magnitudine,
547 720 599 758 et
661 708 892 759 docilem
952 708 1156 758 summa
1213 709 1453 757 celeriter

98 785 474 854 comprehensa
514 784 652 835 facit.
740 788 969 835 Narrare
1011 802 1141 836 vero
1180 787 1301 851 quis
1333 777 1451 834 bre·
1473 797 1528 842 49

79 866 256 927 ‘'vius,
312 880 471 928 quam
530 864 628 927 qui
670 874 897 912 mortem
949 862 1164 912 nuntiat
1209 863 1454 922 Patrocli,

98 942 220 1007 quis
252 938 628 1006 significantius
653 939 848 1005 potest,
886 957 1046 1004 quam
1071 941 1168 1004 qui
1191 941 1455 990 Curetum

97 1017 518 1082 Aetolorumque
550 1017 811 1082 praelium
843 1017 1099 1083 exponit?
1140 1021 1248 1071 Jam
1272 1009 1455 1066 finiili-

97 1161 195 1208 (hic
215 1176 235 1196 a
255 1175 314 1211 pr.
337 1162 420 1205 m.)
452 1163 623 1211 utrisque.
681 1163 829 1199 Vocem
852 1161 919 1197 hic
939 1161 1088 1198 omittit
1106 1161 1199 1197 Bad.
1331 1163 1455 1209 operis

98 1217 288 1268 ingr-effus.
355 1219 419 1254 Sic
448 1217 575 1254 Guelf.
606 1217 725 1254 Goth.
747 1218 854 1256 Voss'.
886 1228 923 1263 5.
971 1217 1072 1255 Vall.
1105 1218 1203 1256 Jens.
1246 1231 1336 1254 cum
1369 1218 1455 1253 edd.

97 1274 257 1324 posterr.
289 1285 375 1310 ante
405 1274 492 1311 Ald.
539 1287 618 1322 quo
651 1288 728 1310 acc.
759 1275 868 1310 Bafil.
911 1288 947 1310 o.
971 1273 1009 1325 fi
1037 1277 1061 1309 i.
1089 1275 1222 1311 Turio.
1254 1274 1357 1310 Flor.
1388 1275 1455 1320 hjc

99 1330 262 1379 quidem
293 1345 313 1366 a
339 1332 407 1368 see.
437 1344 556 1366 manu
586 1345 619 1366 ο.
645 1330 710 1380 sui
741 1333 765 1366 i.
797 1342 835 1366 et
871 1333 920 1366 fic
950 1332 1083 1380 Camp.
1115 1344 1202 1366 cum
1224 1331 1330 1369 Voff.
1358 1346 1393 1367 1.
1416 1341 1454 1368 2.
1483 1340 1489 1347 ‘

102 1387 254 1430 (contra
284 1400 326 1423 ac
351 1387 499 1433 Goth.)
530 1387 618 1423 Ald.
641 1385 704 1436 sui
736 1389 923 1435 utriusque
945 1390 1068 1436 operis
1092 1385 1251 1436 ingreffu
1274 1388 1368 1424 Bad.
1391 1386 1458 1437 sui

95 1454 138 1478 v.
169 1441 327 1493 ingrqffu
357 1443 507 1492 Gryph.
541 1457 629 1478 cum
649 1443 817 1493 ⁴1'eliquis
839 1457 919 1479 exc.
942 1435 1047 1480 Obn'
1063 1444 1134 1492 qui
1159 1444 1310 1479 omittit
1324 1442 1400 1493 sui.

189 1500 227 1534 in
255 1513 360 1546 pauc.
420 1500 483 1535 Sic
514 1499 601 1535 Mff.
634 1500 700 1547 (de
734 1499 853 1537 Goth.
883 1511 953 1535 tac.
986 1501 1116 1547 Gesn.)
1147 1493 1184 1535 e't
1218 1501 1342 1534 excusi
1371 1511 1458 1537 ante

100 1555 192 1592 Bad.
217 1556 287 1604 qui
310 1556 458 1592 omittit
480 1557 803 1605 praepositionem
828 1570 917 1592 cum
939 1555 1105 1605 reliquis
1129 1570 1208 1592 exc·
1227 1555 1337 1592 Bafil.
1361 1557 1458 1593 Obr.

182 1611 284 1647 Nam
304 1612 429 1649 benev.
488 1612 551 1648 Sic
572 1614 705 1649 Turic.
725 1612 828 1649 Flor.
855 1613 939 1658 (hic
961 1627 979 1648 a
997 1627 1057 1662 pr.
1076 1617 1146 1657 m.)
1179 1613 1312 1661 Camp.
1352 1612 1458 1649 Reli-

101 1668 174 1716 qui
192 1667 367 1705 inserunt
387 1678 434 1705 ec.
625 1671 814 1707 creditum.
875 1670 1010 1706 Turio.
1033 1671 1063 1705 F
1065 1668 1137 1705 lor.
1161 1667 1249 1714 (hic
1268 1682 1287 1704 a
1306 1682 1364 1718 pr.
1385 1671 1459 1716 m.)

101 1726 262 1762 creditur
284 1723 338 1762 ὑῖ.

195 1789 260 1831 49.
279 1780 568 1834 significantius.
627 1783 762 1820 Turio.
780 1782 884 1820 Flor.
916 1782 1003 1831 (hic
1025 1797 1044 1818 a
1066 1796 1125 1832 pr.
1145 1784 1217 1829 m.)
1240 1781 1460 1834 fignifican-

105 1838 214 1876 tibus.
451 1843 455 1847 “

165 1951 344 2003 ingreffus
358 1973 416 1983 —-
429 1951 628 2003 constituit.
658 1954 753 1991 For·

106 2009 196 2046 taffe
239 2009 442 2059 displiceat
477 2015 545 2055 (et
572 2022 755 2060 gravatur

106 2063 186 2101 hoc
220 2066 364 2103 Badius
407 2068 450 2103 in
487 2069 606 2114 nota)
647 2067 755 2117 quod

105 2122 267 2170 persona
282 2121 349 2158 hic
366 2124 586 2172 imponitur
609 2125 680 2174 ipsi
703 2125 756 2158 in—

108 2175 265 2226 greffui,
313 2179 383 2226 qui
406 2178 584 2228 servarit,
624 2177 756 2227 consti-

108 2235 240 2273 tuerit,
281 2232 420 2270 deinde
451 2236 568 2271 etiam
608 2236 753 2277 „bene-

106 2288 300 2331 ‚,volum‚
341 2291 557 2332 intentum,
586 2291 755 2328 docilem

107 2344 254 2394 „faciat
277 2347 538 2390 auditorem“,
568 2347 757 2396 malitque

110 2401 253 2451 aliquis
300 2403 378 2440 hoc
416 2404 541 2441 tribui
579 2405 756 2439 Homero

108 2470 268 2507 poetae:
318 2470 356 2496 et
384 2462 433 2496 fic
462 2462 546 2497 sane
578 2459 760 2510 procedit

108 2514 268 2564 vulgata
284 2517 482 2567 scriptura,
502 2530 616 2566 quam
630 2528 758 2553 tamen

109 2571 355 2623 nequaquam
391 2574 580 2623 praestant
608 2584 758 2610 veteres

110 2627 231 2666 libris

164 2691 246 2736 493
262 2694 416 2722 mortem
427 2705 478 2713 —-
491 2687 666 2723 Patrocli.
686 2686 758 2727 „11.

111 2755 172 2783 ,,σ,
197 2754 261 2779 20.
322 2743 527 2793 Specimen
557 2743 758 2780 brevitatis

812 1953 935 1998 „haec
974 1953 1094 1991 verba
1138 1952 1269 1990 laudat
1306 1953 1460 1991 Plinius
1529 1972 1542 1981 ·

811 2024 999 2061 „quoque
1026 2011 1146 2060 Epist.
1181 2018 1227 2054 4,
1266 2025 1311 2046 11
1330 2037 1341 2051 ,
1371 2016 1470 2048 12.“.

813 2068 970 2104 Gesner.
1035 2069 1208 2103 Curetum
1227 2067 1463 2103 Aetolorum·

814 2139 883 2174 que
910 2124 1094 2173 praelium
1126 2120 1175 2171 efi
1216 2123 1262 2159 11.
1294 2138 1326 2163 ι,
1367 2131 1462 2167 550.

815 2192 852 2216 et
873 2193 969 2216 mox
989 2181 1131 2216 Priami
1151 2180 1305 2228 rogatio
1320 2193 1356 2220 ω,
1370 2179 1464 2232 486.

859 2236 1150 2288 significantius.
1182 2235 1231 2273 cf.
1259 2248 1302 2277 1,
1328 2245 1372 2279 7,
1396 2244 1462 2279 52.

818 2301 890 2333 12,
926 2305 998 2333 ιο,
1033 2301 1099 2326 21.
1166 2290 1465 2340 Francogallum

815 2348 1176 2398 Capperonneriurn
1229 2347 1296 2383 hic
1346 2347 1466 2394 ἐμφα-

815 2405 1010 2453 τικώτερον
1034 2405 1144 2440 suum
1174 2404 1353 2454 ingerere
1381 2406 1466 2441 sane

816 2474 898 2498 non
920 2462 1058 2497 miror.

873 2519 960 2553 Jam
1001 2515 1268 2568 similitudines
1312 2536 1368 2546 —-
1414 2519 1469 2554 ita

817 2575 954 2614 multa,
986 2582 1038 2610 ut.
1094 2575 1203 2610 Hanc
1224 2574 1467 2616 structuram,

818 2644 936 2680 quam
986 2642 1118 2667 contra
1173 2643 1308 2667 omnes
1344 2630 1470 2671 libros

817 2691 980 2723 mutare
1009 2689 1138 2724 conati
1169 2688 1256 2723 sunt
1288 2687 1470 2728 editores,

820 2743 1004 2794 equidem
1037 2744 1162 2782 verbo
1199 2742 1313 2782 finito
1346 2756 1472 2781 carere
