1676 3028
377 120 542 207 1N5'3r.
587 158 867 207 ORATOR.
908 159 1035 209 Lm.
1076 159 1149 214 Χ,
1188 166 1234 211 5.
1395 167 1488 212 181

130 287 291 361 Quod
313 284 550 336 accidisse
589 286 744 334 etiam
768 286 956 334 Porcio
979 285 1215 342 Latroni,
1257 283 1353 349 qui
1376 284 1484 349 pri·
1509 296 1559 335 ιδ

129 385 251 417 mus
274 367 400 415 clari
424 364 660 413 nominis
686 360 941 429 profeffor
963 360 1084 420 fuit,
1127 360 1382 410 traditur:
1424 370 1485 411 ut

133 461 259 494 cum
283 444 350 502 ei,
393 441 650 491 summam
682 441 740 489 in
760 438 954 489 scholis
994 440 1308 505 opinIOnem
1346 438 1485 487 obti-

133 519 314 578 nenti,
377 516 527 567 'causa
559 520 617 566 in
651 515 771 566 foro
807 514 928 565 effet
958 516 1183 574 oranda,
1245 513 1484 580 impense

69 613 77 624 “
133 598 362 666 petierit,
393 597 475 644 uti
495 593 737 643 subsellia
762 595 822 643 in
853 592 1117 642 basilicam
1139 591 1485 642 transferren-

134 687 248 725 tur„
318 676 394 722 Ita
431 672 515 720 illi
545 671 753 721 coelum
788 687 998 720 novum
1033 669 1163 729 fuit,
1212 680 1275 719 ut
1310 670 1485 719 omnis

135 756 249 814 eius
282 749 588 814 eloquentia
624 748 886 798 contineri
937 758 1074 797 tecto
1106 765 1162 796 ac
1193 747 1486 814 parietibus

134 829 423 878 videretur.
504 829 679 893 Quare
710 826 948 886 juvenis«,
987 826 1083 890 qui
1113 826 1371 875 rationem
1403 825 1486 872 in·
1510 846 1559 884 ¹9

135 902 389 954 veniendi
410 901 804 966 eloquendique
837 919 864 950 a
896 902 1326 967 praeceptoribus
1365 900 1489 949 dili-

135 991 318 1047 genter
337 979 621 1043 acceperit:
664 978 814 1042 quod
834 995 947 1028 non
968 977 1040 1026 est
1062 977 1270 1027 infiniti
1289 979 1486 1044 operis,

133 1057 175 1107 fi
203 1057 392 1106 docere
411 1054 575 1103 sciant
597 1065 649 1102 et
671 1055 869 1103 velint:
902 1056 1329 1105 exercitationem
1350 1072 1488 1121 quo-

69 1200 71 1203 ⁴
136 1151 241 1202 que
256 1133 528 1200 'modicam
548 1130 713 1186 fuerit
736 1130 1069 1191 consecutUS,
1100 1143 1364 1208 oratorem
1383 1130 1486 1180 fibi

135 1311 361 1362 consuerint,
403 1325 423 1348 a
448 1311 588 1348 sec.m.
628 1309 855 1359 consuerunt.
899 1310 1028 1348 Guelf.
1072 1311 1189 1348 Goth.
1241 1309 1331 1359 (tac.
1355 1310 1488 1355 Gesn.)

134 1368 408 1419 consueverunt.
442 1369 574 1416 Camp.
605 1368 704 1406 Jens.
735 1367 825 1412 (tac.
847 1369 977 1412 Gesn.)
1009 1368 1126 1403 Tarv.
1155 1367 1418 1417 consueverint.

230 1433 293 1470 ¹8·
323 1427 435 1461 etiam
454 1426 596 1461 Porcio.
628 1423 762 1458 Turio.
791 1423 896 1460 Flor.
923 1424 1096 1460 inserunt
1125 1426 1174 1460 in.
1205 1427 1266 1460 An
1287 1424 1365 1460 fuit
1384 1424 1470 1459 M?

218 1479 414 1532 profeffor.
456 1481 589 1516 Turio.
634 1478 736 1516 Flor.
780 1479 865 1523 (hic
893 1493 913 1514 a
942 1477 1000 1527 pi.
1032 1483 1105 1522 m.)
1142 1479 1334 1528 profeffus.
1387 1482 1489 1515 Item

133 1537 240 1576 Flor.
271 1542 310 1583 (a
328 1552 387 1588 pr.
410 1540 482 1582 m.)
509 1538 678 1572 numinis.
888 1536 1072 1572 traditur.-
1104 1545 1154 1571 ut.
1176 1538 1308 1573 Turio.
1328 1538 1489 1572 traditus

134 1603 269 1632 autem.
548 1602 590 1628 ut
610 1611 664 1620 —-
687 1594 775 1638 ejus.
827 1592 962 1629 Turio.
1002 1592 1109 1630 Flor.
1161 1592 1246 1638 (hie
1277 1606 1296 1628 a
1324 1607 1384 1643 pr.
1413 1595 1487 1638 m.)

136 1651 326 1688 omittunt
347 1662 436 1685 cum
453 1648 556 1689 Alm.

228 1718 289 1754 ¹9·
321 1704 475 1754 infiniti.
506 1706 638 1742 Turio.
670 1705 775 1743 Flor.
809 1705 938 1744 Guelf.
973 1704 1235 1755 Camp.finiti
1254 1719 1342 1742 cum
1363 1706 1484 1742 Goth.

135 1762 242 1803 Vols.
267 1775 300 1798 ι.
324 1771 362 1796 2.
385 1771 422 1806 3.
459 1763 558 1801 Jens.
588 1763 703 1798 Tarv.
749 1764 797 1799 cf.
827 1775 901 1803 ιο,
948 1778 991 1803 1,
1026 1770 1091 1808 58.
1294 1788 1299 1792 -
1356 1763 1484 1799 velint.

136 1819 270 1859 Turic.
290 1816 329 1866 (a
351 1818 419 1854 see.
440 1831 493 1853 m.
524 1819 586 1857 sed
607 1819 653 1855 ab
676 1820 808 1855 eadem
833 1830 870 1855 et
894 1817 1003 1868 sciat,
1041 1830 1076 1855 et
1094 1819 1138 1854 id
1156 1832 1316 1868 quoque
1331 1821 1485 1869 Camp.)

138 1877 271 1925 Camp.
302 1874 414 1910 velut.
447 1873 576 1911 Guelf.
606 1876 666 1913 vel
699 1877 749 1911 in.
782 1876 881 1914 Jens.
921 1876 982 1911 vel
1022 1888 1112 1911 cum
1143 1877 1229 1912 edd.
1261 1888 1345 1912 ante
1374 1875 1487 1912 Bam.

137 1944 234 1983 quae
264 1931 414 1968 omittit
442 1944 531 1967 cum
559 1930 724 1981 reliquis
755 1942 841 1971 ante
864 1932 958 1969 Obr.
994 1945 1071 1969 acc.
1097 1932 1244 1970 Rollin.
1297 1932 1488 1970 Nostrum

524 2040 538 2061 ι

200 2076 265 2121 '18-
297 2077 427 2112 Porcio
449 2077 622 2112 Latroni.
672 2078 720 2114 cf.
742 2090 782 2126 9,
835 2091 907 2121 „ac
962 2078 1127 2127 parietes
1196 2079 1485 2122 desiderantem,

141 2141 178 2174 2,
203 2145 267 2180 9¹·
298 2133 340 2166 In
365 2131 518 2181 basilica
542 2132 587 2167 cf.
618 2142 679 2173 12,
695 2140 731 2177 5,
744 2134 780 2170 6.
837 2148 983 2183 „quam
1011 2135 1258 2184 impetravit,
1312 2148 1356 2172 ut
1382 2137 1486 2182 judi-

140 2199 178 2225 et
199 2188 354 2224 Lexica.
376 2189 433 2224 M.
447 2191 587 2223 Seneca
606 2188 647 2223 in
667 2189 786 2237 praef.
840 2191 975 2231 „cium
1015 2203 1063 2226 ex
1098 2191 1186 2227 foro
1215 2192 1260 2227 in
1290 2191 1487 2229 basilicam

138 2243 210 2280 lib.
228 2245 469 2287 4-Controv.
499 2254 789 2286 „na1·rat1u·‚—-
838 2246 1149 2287 „transfen-etur.
1248 2250 1382 2297 Usque
1443 2262 1490 2287 eo

137 2299 460 2342 „declamatoriae
479 2300 637 2336 virtutis
649 2301 787 2336 Lan-0·
841 2302 1024 2350 „ingenia
1051 2303 1094 2338 in
1124 2302 1356 2341 scholasticis
1383 2317 1491 2342 exer·

65 2391 67 2393 ,
138 2369 254 2399 „nem
271 2357 454 2391 Porcium
475 2356 635 2390 unicum
659 2370 786 2392 exem·
843 2359 1126 2399 „citationibus
1139 2359 1490 2398 delicatenutriun-

139 2411 288 2461 „plum‚
307 2425 395 2447 cum
416 2425 489 2461 pro
511 2424 578 2446 reo
597 2411 638 2446 in
653 2413 787 2461 Hispa·
843 2425 946 2455 „tun
968 2425 1012 2450 ut
1037 2415 1259 2459 clamorem,
1279 2416 1490 2461 silentium,

139 2469 234 2511 ‚mia
262 2467 417 2503 Rustico
447 2467 587 2503 Porcio
626 2469 786 2517 propin·
842 2471 1010 2512 „risuum
1041 2471 1195 2508 coelum
1223 2473 1391 2522 denique
1409 2475 1494 2524 pati

138 2537 243 2572 „quo
274 2525 340 2560 sno
377 2524 544 2564 diceret,
587 2538 710 2573 usque
739 2537 785 2561 eo
842 2527 1076 2568 „nesciant.“
1113 2529 1214 2566 Vide
1233 2529 1294 2566 his
1317 2540 1492 2567 utentem

131 2579 236 2622 '‚‚effe
267 2580 489 2622 confusum,
542 2590 586 2616 ut
617 2594 636 2615 a
665 2580 786 2616 soloe·
843 2582 1041 2628 Wolfium
1080 2585 1124 2621 in
1161 2586 1280 2634 praef.
1319 2587 1366 2623 ad
1400 2587 1492 2624 edit.

142 2636 285 2677 „cismo
325 2636 536 2684 inciperet,
597 2650 668 2673 nec
702 2648 788 2673 ante
848 2639 1120 2677 Marcellianae
1139 2655 1177 2690 p.
1205 2652 1270 2686 25.

145 2692 338 2741 „potuiffe
365 2693 614 2734 confirmari,
643 2704 789 2731 tectum
910 2708 970 2746 ²9·
1003 2705 1040 2734 et·
1055 2698 1185 2735 velint.
1217 2699 1266 2736 cf.
1285 2710 1324 2742 2,
1358 2709 1395 2744 5,
1427 2706 1463 2744 5.
