1676 3028
339 172 504 233 mer.
541 184 821 232 ORATOR.
853 183 976 231 Lm.
1011 181 1110 242 x1,
1158 195 1203 239 3.
1346 179 1442 237 365

17 300 27 325 ²
97 324 251 366 motu.
294 325 461 374 caret;
529 323 620 379 aut
659 305 926 360 summisso
963 324 1267 366 murmure,
1327 308 1463 374 quo

97 393 258 442 etiam
303 391 613 440 debilitatur
644 388 818 438 omnis
850 386 1107 435 intentio:
1161 384 1251 434 sed
1284 396 1341 435 ut
1377 388 1438 436 in
1459 390 1515 438 46

16 490 32 528 χ
97 468 289 519 iisdem
317 468 558 534 partibus
592 465 889 528 iisdemque
921 459 1195 513 affectibus
1227 460 1333 512 sint
1364 473 1440 512 ta-

96 562 224 595 men
253 545 512 610 quaedam
542 561 654 593 non
686 543 757 590 ita
788 557 1006 606 magnae
1035 541 1184 590 vocis
1206 538 1440 590 declina-

86 623 286 679 tiones,
323 633 488 688 prout
509 632 602 670 aut
621 619 907 669 verborum
927 616 1170 684 dignitas,
1206 628 1295 666 aut
1323 615 1440 681 sen-

98 699 386 748 tentiarum
405 709 610 757 natura,
649 706 740 746 aut
760 692 1040 762 depositio,
1076 705 1169 744 aut
1186 694 1440 761 inceptio,

100 855 217 903 origo
236 864 342 904 patet
362 854 405 890 in
429 854 564 891 Turio.
609 857 686 890 Pro
708 853 926 890 debilitatur
943 852 1076 888 Turio.
1098 851 1202 888 Flor.
1224 852 1312 887 dedi
1332 851 1443 890 latus.

99 912 235 960 Camp.
268 911 491 946 debilitetur.
533 911 633 946 Mox
660 911 948 946 declamationes
969 909 1128 944 foedum
1149 908 1293 943 vitium
1314 907 1446 945 Guelf.

98 980 188 1003 cum
208 966 307 1006 Jexis.
331 977 368 1001 et
389 966 476 1002 edd.
499 966 655 1015 posterr.
679 978 764 1002 ante
789 967 883 1002 Bad.
923 964 1042 1001 Nihil
1061 963 1132 1000 tale
1154 965 1197 1000 in
1219 965 1351 1014 Camp.
1371 964 1446 1013 qui

95 1036 168 1059 nec
197 1030 298 1058 caret
323 1022 408 1071 post
430 1030 534 1058 motu
557 1023 707 1058 omittit
726 1035 815 1058 cum
832 1021 931 1061 Jens.
955 1031 994 1056 et
1018 1020 1104 1056 edd.
1126 1031 1211 1057 ante
1235 1020 1325 1058 Ald.
1364 1020 1442 1058 Sed

91 1077 406 1130 fiant—quidem
423 1078 542 1128 paulo
564 1090 651 1115 ante
671 1079 805 1115 anic.
827 1078 960 1127 Camp.

182 1179 250 1229 46.
290 1183 464 1230 inceptio.
497 1181 631 1216 Turic-
666 1179 770 1217 Flor.
803 1179 936 1230 Camp.
966 1181 1183 1228 interceptio
1213 1192 1302 1216 cum
1333 1179 1440 1215 Alm.

97 1237 224 1279 male;
256 1249 338 1273 vox
368 1237 491 1286 proba
523 1239 683 1285 inceptio
707 1248 745 1273 et
762 1236 882 1283 hujus
903 1235 995 1273 loci.
1036 1236 1161 1272 Modo
1183 1235 1439 1286 depropositio

98 1293 234 1330 Ambr.
261 1302 298 1342 2.
340 1292 534 1343 dispositio
566 1293 682 1329 Goth.
731 1293 875 1329 Omnia
904 1291 998 1327 haec
1031 1292 1180 1329 omitt-it
1213 1293 1340 1329 Guelf.
1374 1301 1440 1329 aue

99 1349 294 1387 verborum
312 1349 648 1399 —sententiarum
667 1358 801 1385 natura
820 1350 923 1384 inter
947 1348 1026 1384 duo
1046 1359 1121 1383 aut.
1162 1348 1310 1385 Solitus
1329 1361 1440 1386 error

97 1402 302 1455 postulavit
329 1406 372 1441 in
395 1407 528 1442 Turic.
551 1405 654 1442 Flor.
674 1407 754 1442 alia
774 1407 982 1442 reductiora
1001 1406 1188 1442 omittunt
1205 1407 1327 1443 iidem
1349 1418 1440 1442 cum

97 1461 200 1499 Alm.
223 1460 466 1511 subductiora
489 1463 553 1500 dat
574 1463 707 1513 Camp.

97 1598 287 1634 referente
319 1595 528 1634 Plutarcho
560 1595 604 1634 in
633 1594 738 1634 Alci·
795 1597 923 1642 talem,
945 1611 1064 1642 „cum
1087 1598 1132 1636 ad
1153 1598 1275 1636 finem
1293 1597 1438 1634 senten·

97 1655 210 1692 biade
240 1668 278 1704 p.
305 1655 397 1703 196.
425 1655 470 1691 E.
511 1655 636 1690 λαλεῖν
666 1652 740 1704 dgn-
792 1657 874 1698 „tia
902 1669 981 1692 non
1010 1656 1077 1691 illa
1108 1657 1268 1706 quidem
1298 1656 1438 1691 eodem

99 1724 202 1753 στος,
277 1709 545 1753 ἀδυνατώτατος
602 1710 735 1760 λέγειν.
792 1712 931 1760 „plane
962 1723 1096 1749 tenore
1122 1714 1343 1762 profertur,
1374 1712 1438 1748 sed
1507 1731 1510 1738 ι

103 1767 207 1814 Quid
239 1780 336 1803 mox
370 1768 416 1803 [it
447 1769 570 1809 etiam,
600 1781 737 1816 parum
793 1782 890 1809 „nec
919 1769 1218 1817 praecipitatur,
1258 1770 1321 1805 sed
1350 1781 1437 1804 mo-

99 1823 287 1872 affequor.
375 1825 472 1859 Sane
525 1824 740 1860 debilitatur·
793 1825 955 1866 „dei-ato
984 1826 1152 1873 quodam
1183 1824 1288 1861 flexu
1321 1836 1359 1861 et
1376 1825 1439 1860 in-

98 1892 300 1915 murmure
328 1879 453 1915 omnis
470 1879 663 1921 intentio,
696 1890 740 1916 ut
794 1880 1032 1921 „clinatione
1053 1881 1292 1929 deponitur.“
1349 1883 1441 1917 Hoo

98 1949 180 1972 non
210 1935 390 1978 videatur
423 1949 519 1984 opus
547 1935 624 1972 hoc
658 1948 738 1972 tan-

17 2002 39 2013 ·‘¹
99 2005 216 2041 quam
263 1992 550 2041 inexpectatum
600 1992 741 2031 lectori

98 2049 278 2096 ingerere
298 2048 472 2086 addendo
495 2051 619 2085 etiam.
677 2053 740 2088 An

98 2105 154 2141 ita
175 2105 358 2153 accipies:
383 2106 489 2154 „ipsa
506 2118 664 2153 quoque
682 2108 743 2143 in-

96 2161 252 2203 „tentio
272 2160 556 2198 debilitatur“?
585 2164 626 2199 N
629 2177 648 2198 e
663 2163 740 2202 hoc

101 2207 260 2266 quidem
281 2217 394 2255 valde
410 2217 545 2267 placet.

158 2274 227 2320 46.
257 2284 323 2310 aut
352 2274 548 2324 depositio,
581 2284 647 2313 aut
677 2279 740 2317 ,in-

102 2332 234 2378 ceptib.
342 2331 448 2367 Haec
517 2335 742 2381 transposita

100 2385 449 2429 malit-Gesnerus3
493 2400 645 2437 praeter
674 2404 740 2426 ne-

37 2455 39 2458 ·
94 2442 330 2485 'eeffitatem,
359 2454 404 2479 ut
437 2445 599 2494 opinor,
643 2459 741 2494 quo-

100 2499 206 2534 niam
258 2499 440 2548 clausulae
483 2501 740 2538 notabiliores

100 2557 240 2596 initiis,
289 2567 334 2592 ut
372 2557 416 2592 in
459 2559 740 2606 compositione

102 2613 160 2659 (9,
179 2618 220 2659 4,
243 2612 341 2659 62.),
374 2613 429 2649 ita
448 2614 491 2649 in
510 2616 741 2659 pronuncia-

101 2666 221 2703 tione.
253 2670 394 2718 Neque
417 2670 541 2706 eidem
563 2671 742 2706 assentior

101 2721 366 2773 depositionem
385 2726 624 2778 intelligenti
641 2726 740 2766 ,θέσιν

796 1937 932 1972 clarum
964 1937 1035 1972 effe
1065 1936 1118 1973 ait
1140 1950 1187 1973 ex
1219 1938 1297 1974 istis
1325 1939 1442 1983 §.58-

796 1993 981 2042 deponam
1003 1996 1260 2030 -eaeordium
1277 1995 1440 2043 faciam·

796 2050 991 2097 Equidem
1018 2051 1079 2087 ibi
1106 2046 1440 2087 nullum¹flexum

797 2107 908 2141 vocis
935 2120 1061 2156 neque
1099 2109 1315 2156 quidquam
1345 2120 1441 2158 pro-

796 2162 928 2209 prium
956 2165 1074 2200 video
1099 2164 1327 2200 artificiosae
1347 2177 1441 2214 pro-

795 2219 1072 2262 nunciationis,
1101 2221 1164 2256 sed
1184 2220 1336 2269 plenam
1359 2222 1441 2257 sen·

795 2274 854 2311 sus
887 2277 1120 2312 enunciandi
1140 2277 1442 2319 conclusionem,

795 2330 936 2366 τελείαν
976 2332 1132 2382 στιγμὴν
1173 2333 1359 2369 diversam
1391 2335 1443 2371 ab

796 2386 1019 2438 ὑποστιγμῇ.
1071 2391 1341 2426 Sententiarum
1378 2391 1441 2426 de·

797 2444 936 2494 positio
962 2446 1012 2481 est
1027 2446 1098 2483 ubi
1110 2445 1242 2482 nullus
1254 2446 1303 2482 fit
1323 2456 1442 2482 trans-

798 2503 901 2542 icas3
938 2516 1064 2550 neque
1093 2503 1198 2538 enim
1227 2513 1313 2538 ante
1333 2502 1443 2539 huno

796 2557 911 2606 plane
933 2559 1155 2607 deponenda
1170 2571 1262 2600 vox,
1286 2559 1348 2595 sed
1358 2558 1442 2608 sus-

795 2615 1014 2663 pendenda;
1051 2616 1159 2664 quod
1186 2615 1288 2650 mihi
1318 2617 1440 2652 often-

800 2670 842 2705 di
861 2672 1021 2707 videtur
1038 2672 1110 2708 illo
1128 2672 1223 2720 ipso,
1255 2686 1334 2722 quo
1347 2672 1440 2711 Ges·

798 2741 914 2765 nei-us
932 2741 1006 2766 noe
1026 2728 1203 2770 remittit,
1232 2728 1336 2767 loco.
