1676 3028
316 290 382 338 84.
622 282 701 327 M.
741 282 876 326 FAB.
921 281 1332 342 QUINTILIANI

311 402 402 452 fed
424 421 548 453 eum
564 404 723 469 longe
744 404 1064 469 praecedunt
1091 405 1300 469 ingenia
1318 405 1645 454 viventium*

225 492 276 530 97
312 480 630 544 Tragoediae
668 479 939 545 scriptores
981 490 1220 528 veterum
1252 480 1441 529 Accius
1479 481 1676 542 atquem

310 556 573 604 Pacuvius
630 554 883 603 clariffimi
943 556 1190 618 gravitate
1249 553 1635 612 sententiarum,

311 630 599 679 verborum
630 630 888 694 pondere,
946 630 1251 678 auctoritate
1281 628 1651 694 personarum..

312 706 560 753 Ceterum
597 707 766 761 nitor,
808 715 859 751 et
890 704 1090 752 summa
1109 705 1167 751 in
1192 703 1487 752 excolendis
1512 720 1638 768 ope-

311 780 460 828 ribus
492 796 694 836 manus,
732 780 895 843 magis
915 778 1087 827 videri
1105 777 1273 844 potest
1295 779 1637 843 temporibus,

312 871 470 918 quam
489 852 608 921 ipfis
630 852 858 902 defuiffe.
923 855 1128 902 Vitium
1151 864 1321 902 tamen
1339 854 1494 902 Accio
1519 854 1638 919 plus

309 930 589 977 tribuitur:
649 930 936 995 Pacuvium
979 929 1150 977 videri
1185 927 1496 984 doctiorem,
1544 930 1640 992 qui

223 1012 277 1054 98
314 1002 411 1052 ess'e
433 1003 575 1054 docti
600 1001 851 1062 affectant,
890 1003 1094 1053 volunt.
1153 1007 1260 1057 Jam
1286 1005 1440 1054 Varii
1473 999 1524 1052 T
1518 1002 1641 1068 hye-

371 1184 434 1220 97.
464 1184 634 1210 veterum.
680 1174 742 1210 Sic
762 1174 863 1209 Flor.
886 1186 974 1209 cum
994 1173 1095 1210 Alm.
1119 1174 1184 1217 (cf.
1208 1175 1291 1220 95.)
1312 1173 1458 1222 Gryph.
1481 1172 1639 1218 (1536.)

313 1229 418 1267 Balil.
477 1231 552 1265 Sed
586 1229 713 1266 Guelf.
753 1229 895 1264 Verum.
965 1228 1122 1276 Reliqui
1156 1229 1365 1270 omittunt,
1408 1241 1575 1277 quorum
1602 1239 1640 1265 et

313 1286 444 1321 Turio.
468 1286 537 1320 esse
557 1286 689 1321 miror.
875 1282 1066 1332 c'lariffimi.
1122 1284 1254 1319 Tui-ic.
1278 1283 1380 1318 Flor.
1401 1282 1638 1332 graviffimus.

393 1341 594 1377 verborum.
655 1341 785 1388 Camp.
812 1340 1069 1387 verborumque
1103 1350 1190 1372 cum
1223 1338 1339 1374 Goth.
1370 1348 1408 1374 et
1441 1339 1525 1373 edd.
1555 1348 1642 1374 anto

241 1409 245 1412 ·
313 1395 420 1432 Bam.
454 1409 528 1430 acc.
553 1394 704 1443 Gryph.
920 1394 1101 1442 pondere,
1131 1394 1363 1429 auctoritate.
1423 1393 1486 1429 sie
1506 1393 1638 1429 Turio.

314 1451 415 1486 Flor.
448 1449 540 1498 (hic
571 1464 591 1484 a
619 1463 676 1498 pr.
704 1449 784 1494 m.)
826 1448 951 1484 Guelf.
975 1450 1106 1496 Camp.
1129 1449 1244 1484 Goth.
1266 1449 1362 1487 Jens.
1388 1452 1487 1493 (tac.
1506 1448 1643 1491 Gesn.)

314 1518 401 1541 cum
420 1506 519 1540 Alm.
543 1506 656 1539 Tarv.
716 1503 872 1550 Reliqui
894 1503 1060 1538 inserunt
1082 1512 1130 1537 et.
1311 1517 1448 1539 manus.
1507 1502 1640 1538 Turio.

315 1573 434 1604 manu.
477 1559 618 1595 ‘Guelfi
641 1561 796 1607 magnis.
853 1559 938 1592 Hoc
959 1557 1116 1605 quidem
1138 1570 1209 1606 pro
1231 1561 1355 1606 magis
1380 1559 1466 1594 dare
1486 1560 1651 1592 narrati-¹

314 1626 378 1651 tur
397 1615 499 1654 VoII'.
526 1628 558 1649 ι.
581 1624 617 1658 3.
834 1614 949 1648 videri
971 1613 1180 1648 doctiorem.
1243 1613 1368 1648 Guelf.
1390 1613 1579 1660 vendicare
1602 1612 1639 1648 d.

315 1682 403 1705 cum
422 1683 542 1718 marg.
562 1669 668 1706 Bafil.
723 1671 783 1705 Ex
805 1668 905 1707 Voss'.
935 1682 968 1703 1.
991 1676 1027 1710 5.
1058 1668 1227 1703 venderet
1249 1668 1458 1704 doctiorem.

374 1786 436 1826 98.
475 1766 582 1815 Varii
608 1776 782 1827 Thyestes
801 1776 962 1812 cuilibet,
996 1775 1098 1812 Flor.
1120 1779 1233 1812 variis
1253 1786 1313 1812 tuo
1335 1774 1430 1825 testis
1451 1791 1480 1812 ο.
1509 1776 1638 1813 Guelf-

321 1835 457 1877 Varrus
478 1848 506 1869 ο.
552 1835 668 1871 Goth.
693 1837 779 1878 (tac.
804 1833 930 1875 Gesn.)
960 1845 1069 1867 varus
1086 1846 1114 1866 c.
1147 1845 1234 1867 cum
1257 1830 1352 1868 Vall.
1379 1832 1478 1869 Voff.
1506 1840 1651 1875 1.2.5.,

317 1889 487 1931 Colbert.
508 1889 615 1926 Bafil.
647 1900 684 1925 et
703 1888 851 1937 aliquot
868 1887 1105 1928 Burmanni;
1137 1887 1183 1923 cf.
1209 1895 1256 1930 3,
1279 1892 1324 1931 8,
1352 1892 1417 1931 45.

1008 2038 1290 2077 obversaretur,
1340 2039 1502 2074 Statium
1532 2038 1644 2075 fuiss'e

988 2094 1186 2141 Ν[ιιῐρίοοη
1216 2094 1327 2139 cujus
1358 2094 1399 2129 iu
1423 2093 1540 2129 silvis
1559 2094 1644 2131 sunt

1007 2149 1158 2195 Lyrica.

316 2042 498 2077 incendio
525 2041 663 2090 periit,
703 2040 789 2075 teste
821 2038 950 2074 Probo

318 2098 418 2145 apud
445 2096 675 2132 Scholiasten
697 2095 822 2130 Persii.
874 2095 950 2141 Ap-

317 2163 425 2200 paret
450 2151 698 2199 congruentia
721 2160 950 2197 temporum.

317 2209 462 2244 Perfius
510 2207 649 2242 sextam
696 2206 732 2240 ei
768 2204 954 2252 inscriplit

317 2262 513 2297 satirarum
543 2263 703 2296 suarum.

374 2318 765 2364 longe—vIvencium.
809 2315 950 2353 Miror,

319 2374 346 2406 fi
374 2385 461 2408 eum
492 2384 605 2419 quem
634 2370 756 2406 solum
787 2370 951 2406 Horatio

320 2427 482 2473 adjicere
510 2426 622 2474 pollis
660 2426 812 2472 „longe
844 2437 951 2473 prae-

319 2482 488 2522 „ceduut
512 2480 666 2529 ingenia
690 2481 949 2516 viventium“.

318 2536 558 2573 Videbantur
596 2549 644 2570 ne
677 2536 755 2583 ipsa
793 2533 950 2582 quidem

322 2591 457 2638 digna,
497 2604 591 2637 quae
621 2591 948 2638 cognoscerentur,

322 2658 411 2680 cum
458 2646 641 2680 Horatius
698 2644 833 2684 „solus
871 2642 951 2690 legi

319 2700 511 2747 „dignus“
535 2701 632 2735 ess'et.
690 2701 841 2734 Horum
866 2698 949 2745 qui-

322 2754 407 2790 dem
427 2754 604 2803 aliquem,
624 2755 693 2803 qui
710 2752 949 2800 Quintiliano

1068 2214 1130 2250 97.
1164 2212 1331 2239 veterum.
1377 2204 1544 2252 Respicit
1568 2204 1644 2240 hoo

1009 2259 1056 2293 ad
1089 2257 1210 2298 illud,
1241 2258 1343 2306 quod
1382 2271 1476 2294 mox
1511 2260 1561 2294 eft
1598 2258 1643 2295 in

1006 2314 1125 2349 Vario
1158 2324 1196 2348 et
1223 2313 1369 2348 ovidio
1400 2314 1508 2352 Jam,
1539 2314 1642 2350 etin

1008 2368 1334 2416 subsequentibus,
1363 2379 1451 2416 quos
1476 2370 1640 2404 viderim.

1008 2422 1066 2459 Cf.
1093 2437 1124 2462 1,
1147 2429 1182 2466 3,
1207 2429 1245 2467 8.

1061 2479 1170 2512 Accio
1193 2478 1460 2514 —Pacuvium
1503 2479 1641 2515 Horat.

1004 2533 1119 2581 Epist.
1149 2543 1194 2571 2,
1230 2544 1263 2573 ι,
1299 2539 1360 2575 55.
1408 2552 1495 2574 ‚‚-
1519 2535 1642 2570 aufert

1003 2588 1220 2628 „Pacuvius
1246 2587 1345 2622 docti
1369 2588 1507 2623 famam
1529 2589 1638 2629 senis,

1002 2643 1156 2682 „Accius
1193 2642 1308 2677 alti.·⁶
1371 2643 1435 2678 De
1471 2644 1639 2678 Pacuvio

1003 2698 1107 2732 idem
1154 2697 1373 2733 sentientem
1422 2698 1502 2736 vid.
1557 2697 1638 2735 cic.

1007 2753 1112 2788 Orat.
1144 2766 1208 2786 ιι.
1229 2752 1314 2788 init.
