1696 3016
329 213 391 259 26
557 234 560 238 ’
626 214 702 264 Μ.
747 219 880 264 FAB.
931 212 1340 281 QUINTILIANI

252 349 305 386 50
330 339 440 387 niti.
480 338 670 404 Neque
695 358 790 407 ego
812 359 949 391 arma
969 342 1201 408 squalere
1222 345 1318 395 fitu
1334 363 1389 398 ac
1400 349 1641 414 rubigine

325 415 512 472 velim,
549 415 637 464 sed
659 416 1119 482 fulgoremineffe,
1155 422 1248 484 qui
1271 432 1480 481 terreat,
1519 441 1642 488 qua-

324 490 388 538 lis
422 489 492 537 est
523 489 677 549 ferri,
713 509 820 555 quo
852 511 997 542 mens
1033 492 1187 543 fimul
1222 492 1466 561 visusque
1497 516 1643 564 prae-

323 563 616 630 stringitur:
676 585 785 616 non
821 570 986 632 qualis
1021 571 1134 618 auri
1170 574 1495 637 argentique,
1544 575 1644 621 im-

250 657 298 692 51
328 639 494 698 bellis,
529 652 579 688 et
601 643 775 707 potius
798 643 1008 692 habenti
1031 643 1365 709 periculosus.
1418 647 1644 699 Historia

407 792 486 825 niti.
546 792 683 839 Neque.
741 791 802 827 Sic
833 792 963 828 Turio.
986 791 1088 827 Flor.
1113 793 1236 830 Guelf.
1261 795 1390 844 Camp.
1413 809 1499 831 cum
1523 796 1641 833 Goth.

321 847 424 883 Voss.
458 856 493 881 ε.
542 846 641 883 Vall.
672 847 771 881 Alm.
803 856 839 882 et
871 847 954 881 edd.
985 858 1069 882 ante
1098 849 1184 884 Ald.
1218 863 1292 886 aco.
1325 853 1446 888 Stoer.
1477 851 1639 888 Chouet.

319 901 430 936 Leid.
470 901 721 948 probantibus
761 902 902 942 Badio,
960 903 1117 950 Capper.
1156 905 1244 947 (sed
1281 906 1340 940 sua
1373 905 1640 953 loquacitate),

322 956 513 996 Gcsnero;
564 957 804 1004 improbante
835 957 1025 997 Gibsono,
1071 959 1180 1004 enjus
1209 961 1306 994 mira
1340 959 1408 994 illa
1443 959 1505 1008 (ᾖ.
1545 964 1640 1004 21.)

320 1011 488 1045 eruditio
519 1012 596 1045 cito
629 1012 792 1047 decoxit.
851 1011 1007 1058 Reliqui
1031 1012 1198 1050 inserunt
1222 1015 1343 1055 decet,
1373 1016 1497 1063 Regio
1517 1017 1639 1064 magis

318 1065 563 1101 subaudiente
585 1079 697 1114 quam
714 1066 911 1115 interponi
930 1066 1097 1112 jubente.

399 1187 464 1220 50.
495 1191 574 1225 ego.
605 1177 734 1218 Turio,
756 1175 857 1212 Flor.
881 1176 1005 1212 Guelf.
1029 1179 1158 1228 Camp,
1189 1195 1274 1228 ergo
1298 1194 1384 1217 cum
1405 1181 1504 1217 Alm.
1521 1181 1639 1218 Palat,

318 1233 440 1271 Gebh.
471 1233 518 1268 cf.
546 1233 581 1272 6.
604 1241 640 1274 5,
663 1242 726 1276 79.
759 1246 794 1278 9,
814 1241 851 1274 5,
875 1242 938 1274 70.
995 1234 1189 1271 Drakenb.
1210 1237 1254 1271 ad
1277 1237 1364 1271 Liv.
1392 1246 1456 1280 57,
1479 1244 1542 1280 53,
1573 1251 1588 1271 1
1603 1251 1637 1271 ι.

392 1287 574 1336 squalere.
613 1287 743 1322 Turio.
766 1287 867 1322 Flor.
883 1285 1056 1334 squalore
1079 1302 1166 1324 cum
1184 1290 1279 1328 Jens.
1301 1292 1414 1329 Tarv.
1460 1291 1640 1327 Correxit

315 1344 472 1390 Regius.
699 1342 876 1388 rubigine.
934 1342 1064 1377 Turic.
1104 1347 1151 1388 (a
1179 1359 1237 1394 pr.
1260 1345 1341 1391 m.)
1378 1347 1554 1394 robigine.

398 1399 518 1433 velim.
547 1398 676 1432 Turic-
699 1399 822 1432 verim.
881 1396 982 1432 Flor.
1005 1398 1128 1434 Guelf.
1149 1414 1285 1439 verum.
1318 1408 1320 1411 '
1447 1401 1639 1448 fulgorem

314 1452 433 1502 ineffe,
456 1455 526 1502 qui.
577 1453 706 1488 Turio.
727 1451 827 1486 Flor.
849 1451 932 1496 (hic
946 1450 1115 1498 fulgure)
1129 1454 1282 1503 fulgore
1302 1456 1529 1504 nimisfhque
1548 1469 1637 1492 cum

316 1509 432 1544 Goth.
452 1509 555 1546 Voss'.
579 1518 614 1542 2.
647 1508 733 1552 (sed
766 1519 812 1541 ex
828 1506 903 1541 hoc
925 1506 1015 1554 qui).
1067 1507 1219 1557 fulgore
1239 1512 1355 1546 minus
1366 1510 1479 1560 seque
1508 1511 1637 1546 Guelf-

307 1562 460 1610 sulgore
480 1562 568 1611 sepe
599 1565 727 1611 Camp.
741 1556 893 1609 fulgore
913 1559 1061 1610 mtmffiffe
1086 1567 1148 1611 qui
1166 1566 1262 1602 Jens.
1285 1579 1370 1600 cum
1395 1566 1478 1601 edd.
1497 1565 1635 1614 poster.

313 1629 396 1653 ante
417 1619 502 1653 Ald.
526 1618 678 1665 fulgore
709 1619 848 1653 munita
880 1615 949 1665 effe
981 1618 1042 1664 qui
1069 1618 1154 1654 Ald.
1188 1620 1277 1655 Bad.
1308 1634 1354 1655 ex
1382 1621 1482 1666 conj.
1507 1622 1636 1669 Regii.

310 1674 492 1709 Nostrum
514 1675 554 1707 in
572 1672 680 1708 Bafil.
735 1670 893 1720 Reliqui
916 1672 970 1705 his
988 1673 1158 1709 inserunt
1181 1675 1264 1723 post
1280 1674 1377 1724 fulg.
1518 1676 1637 1724 qualis

311 1727 372 1775 est.
403 1727 503 1764 Flor.
524 1733 570 1772 (a
592 1743 648 1777 pr.
671 1729 753 1779 m.)
776 1728 922 1763 omittit
943 1725 1002 1774 est.
1229 1728 1514 1779 praestringitur.
1573 1732 1635 1766 Sic

310 1783 414 1818 Flor.
480 1782 732 1831 pepstringicur
771 1783 899 1818 Turio.
936 1783 1062 1823 Guelf.
1104 1786 1235 1832 Camp.
1269 1799 1356 1820 cum
1387 1786 1504 1822 Goth.
1531 1784 1631 1822 Alm.

309 1838 416 1873 Bafil.
443 1839 554 1874 Gesn.
574 1840 658 1886 Bip.
690 1839 848 1887 Reliqui
869 1835 1144 1886 perstringatur.
1201 1840 1414 1888 Disputant
1431 1843 1564 1876 Burm.
1598 1850 1635 1876 et

311 1894 424 1930 Gesn.
464 1894 509 1928 de
546 1892 668 1941 perstr.
707 1909 753 1930 an
789 1890 936 1941 praeflr.
1008 1895 1136 1930 Hodie
1177 1908 1290 1930 nemo
1330 1896 1499 1931 dubitat:
1550 1896 1632 1945 vid.

309 1947 504 1985 Drakenb.
535 1949 579 1983 ad
597 1950 683 1986 Liv.
709 1956 771 1992 40,
795 1955 857 1991 58,
882 1956 915 1992 4.
977 1950 1032 1985 Cf.
1054 1953 1086 1996 §.
1113 1959 1175 1996 92.
1207 1949 1277 1984 ubi
1297 1949 1421 1986 Guelf.
1440 1949 1634 1999 praestrin-
1681 1995 1683 1997 Ι

309 2005 386 2050 gie,
428 2004 543 2040 Goth.
573 2004 667 2048 (tac.
698 2005 839 2046 Gesn.)
879 2004 1007 2052 Camp.
1045 2002 1297 2052 perstringitur
1339 2017 1426 2039 cum
1461 2007 1564 2044 Voss'.
1595 2015 1633 2042 2.

310 2058 421 2094 Bodl.
453 2059 570 2095 Andr.
604 2060 704 2095 Ptoll.
773 2061 919 2098 Verum
961 2071 1084 2094 autem
1114 2060 1244 2095 Turic.
1274 2059 1375 2095 Flor.
1413 2071 1450 2095 et
1475 2060 1631 2108 reliqui.

308 2114 354 2146 In
384 2115 510 2150 nostro
540 2114 627 2150 loeo
646 2116 807 2152 vom-2.
839 2114 967 2151 omnia
992 2114 1084 2150 haec
1102 2113 1384 2163 ferri—qualis
1405 2117 1486 2151 auri
1518 2115 1631 2152 omit-

309 2169 356 2204 tit
376 2173 394 2215 (
405 2170 453 2206 cf.
474 2179 538 2213 27.
559 2169 601 2206 it.
625 2174 720 2215 32.).

365 2309 430 2344 50.
454 2299 780 2349 fulgorem—qui
799 2309 941 2336 terreat.
999 2302 1088 2337 Liv.
1121 2313 1164 2349 9,
1200 2310 1270 2344 ιφ,
1303 2301 1364 2336 16.
1410 2303 1456 2344 ‚‚(
1465 2301 1630 2337 Darium

309 2355 356 2391 cf.
381 2363 418 2399 8,
444 2364 480 2398 5,
504 2364 540 2398 3.
569 2363 604 2398 5.
999 2356 1267 2400 „Alexander)
1297 2356 1397 2390 inter
1420 2369 1630 2403 purpuram

367 2411 514 2446 habenti
542 2411 773 2461 periculosus.
827 2409 942 2445 Able-
997 2422 1136 2458 „atque
1158 2423 1304 2449 aurum,
1332 2421 1529 2445 oneratum
1550 2410 1627 2446 for·

310 2476 373 2514 gat
394 2467 507 2502 Gesn.
527 2468 571 2501 ad
592 2469 697 2502 Curt.
717 2477 754 2510 3,
778 2478 826 2500 ιο
847 2475 941 2499 extr.
996 2476 1134 2506 „tunae
1157 2465 1395 2513 apparatibus
1409 2465 1502 2504 suae,
1522 2479 1627 2514 prae-

310 2523 457 2561 „aciem
471 2521 635 2556 hostium
651 2535 743 2556 auro
756 2532 941 2569 purpura·
997 2522 1111 2562 „dam
1159 2521 1290 2555 verius
1331 2533 1444 2567 quam
1483 2520 1628 2556 hostem

310 2589 411 2623 „que
435 2575 642 2623 fulgentem
664 2577 806 2613 intueri
823 2575 941 2622 jubet,
997 2571 1207 2616 ‚‚dex}icit“
1237 2586 1274 2610 et
1299 2575 1361 2609 sua
1391 2576 1438 2610 ad
1456 2575 1558 2612 Flor.
1590 2589 1625 2615 ι,

310 2633 514 2678 „praedam
558 2643 634 2666 non
674 2645 774 2665 arma
802 2631 942 2678 gestan·
1001 2631 1076 2672 16,
1107 2641 1144 2675 7.
1185 2640 1445 2667 commentata.

309 2693 464 2728 ..tem“;
499 2685 783 2722 Freinshemius
810 2685 869 2721 ibi
897 2685 943 2721 ad
