1676 3028
336 210 500 257 INST.
550 210 829 256 ORATOR.
871 209 994 255 LIB.
1038 209 1111 266 X,
1160 219 1204 264 3.
1351 216 1444 268 ¹59

52 334 57 335 ⁷
92 308 391 407 frugalitas,
456 335 731 389 necessaria
772 335 872 386 est:
944 352 1067 386 cum
1106 345 1349 401 tempora
1381 334 1445 384 ab

92 416 203 486 ipsa
227 434 410 467 rerum
431 427 619 466 natura
645 414 710 463 ad.
737 415 970 501 quietem
993 411 1449 477 refectionemque

92 495 250 545 nobis
274 492 430 552 data,
499 495 559 542 in
602 492 917 541 acerrimum
949 490 1185 540 laborem
1223 506 1448 540 conver-

94 574 272 622 timus.
351 571 457 620 Cui
490 581 664 619 tamen
697 585 807 618 non
835 569 957 634 plus
988 566 1338 632 irrogandum
1358 564 1449 625 est,

8 669 87 711 937
101 665 260 714 quam
302 646 452 713 quod.
494 645 682 696 somno
723 643 1007 712 supererit,
1075 643 1223 693 haud.
1263 643 1445 692 deerit.

94 723 278 775 'Obstat
309 725 452 773 enim
488 723 790 789 diligentiae
833 721 1097 772 scribendi
1135 722 1292 770 etiam
1330 719 1448 769 fati-

97 803 270 869 gatio:
323 811 374 849 et
406 799 635 858 abunde,
670 797 712 848 si
750 809 914 858 vacet,
952 799 1087 849 lucis
1120 797 1280 864 spatia
1310 796 1450 847 suffi-

99 879 310 928 ciunt:-
357 887 641 942 occupatos
688 877 748 925 in
790 886 1003 926 noctem
1036 874 1295 925 neceffitas
1326 876 1447 941 agit.

96 953 184 1006 Est
203 964 380 1003 tamen
413 953 744 1012 lucubratio,
775 955 987 1019 quoties
1022 952 1089 1002 ad
1112 969 1226 1002 eam
1254 953 1450 1018 integri

182 1097 248 1134 26.
275 1096 492 1147 frugalitas.
535 1095 638 1133 Alm.
676 1094 888 1145 fragilitas,
933 1095 1048 1133 solus.
1273 1096 1320 1132 ab
1354 1095 1448 1145 ipsa.

97 1154 232 1192 Tusic.
254 1154 358 1191 Flor.
381 1153 465 1204 ipsa
486 1168 565 1190 cum
587 1151 678 1202 ipsa.
711 1154 790 1189 Hic
809 1153 854 1190 ab
877 1153 992 1190 altera
1016 1166 1134 1189 manu
1153 1150 1232 1202 ipsa
1253 1153 1301 1188 ab
1324 1148 1416 1202 ipsa.

185 1211 287 1247 data.
320 1213 451 1259 Camp.
485 1211 625 1247 datam.
859 1210 959 1246 haud
993 1211 1121 1246 deerit.
1154 1210 1287 1245 Turic.
1317 1207 1447 1246 Guelf-

101 1268 235 1316 Camp.
255 1275 320 1303 aut
339 1267 375 1302 d.
398 1279 486 1302 cum
507 1266 625 1304 Goth.
654 1265 760 1304 Voss'.
788 1280 821 1302 1.
845 1277 883 1303 2.
915 1277 952 1303 et
973 1266 1059 1303 edd.
1082 1277 1169 1302 ante
1193 1266 1344 1315 Gryph.
1368 1278 1451 1302 exc.

100 1324 195 1360 Bad.
242 1324 311 1374 qpi
354 1316 552 1364 nostrum,
613 1323 719 1372 quod
757 1323 971 1372 repositum
1013 1322 1240 1358 inveniebat
1270 1323 1313 1358 in
1347 1321 1450 1361 vall·

101 1378 223 1417 Nulla
251 1379 317 1414 hic
348 1378 513 1415 varietas
549 1390 729 1420 notatur,
761 1392 887 1427 neque
917 1379 960 1414 in
981 1378 1084 1414 Flor.
1114 1384 1243 1427 nequ&
1274 1378 1376 1414 Alm.
1408 1390 1454 1417 ut

101 1435 176 1472 hos
195 1435 426 1471 duumviros
442 1435 509 1481 (cf.
522 1439 554 1483 §.
570 1437 653 1481 22.)
679 1436 873 1483 sponsores
893 1435 1036 1472 habere
1055 1435 1260 1471 videamur
1281 1435 1453 1485 optimae

103 1491 423 1534 emendagiOnis..
456 1492 548 1527 Fuit
589 1505 678 1527 cum
710 1490 866 1526 alteram
901 1492 1125 1539 scripturam
1175 1491 1226 1526 sic
1261 1492 1452 1540 interpre-

103 1559 220 1586 tarer:
269 1558 421 1597 tempus
455 1547 562 1597 quod
593 1560 659 1584 aut
693 1547 862 1583 nimium
893 1547 1139 1597 impenditur
1178 1548 1335 1588 somno,
1388 1559 1455 1583 aut

103 1616 236 1642 natura
254 1604 331 1653 ipsa
354 1603 480 1640 eidem
507 1604 769 1644 subtrahitur,
802 1617 890 1640 cum
912 1605 1106 1640 insomnes
1130 1604 1258 1641 sumus
1281 1604 1364 1638 casu
1387 1614 1455 1640 aut

103 1660 327 1697 valetudine
366 1660 435 1706 (cf.
480 1673 552 1703 10,
596 1661 643 1702 6,
690 1674 722 1695 1.
772 1659 994 1710 intermistus
1023 1659 1209 1708 somnus).
1269 1660 1343 1695 Sed
1375 1660 1455 1697 hoc

104 1723 246 1767 parum'
269 1718 499 1753 conveniret
537 1717 800 1765 sequentibus.
861 1718 946 1754 Nec
981 1717 1182 1766 perspicua
1221 1716 1372 1758 oratio,
1424 1717 1455 1752 [i

104 1773 183 1808 hoc
211 1771 354 1809 voluit.
422 1774 603 1810 Nimium
632 1772 741 1808 ausus
776 1773 943 1822 Regius,
994 1773 1169 1808 recidens
1201 1772 1270 1808 ille
1303 1773 1454 1815 uo'stra3

106 1841 223 1878 quem
250 1828 352 1865 solus
373 1828 561 1878 “expressit
590 1829 724 1865 Aldus.
786 1830 911 1865 Modo
940 1842 1013 1879 pro
1039 1828 1225 1878 supererit
1247 1827 1364 1865 Palat.
1389 1829 1455 1879 su·

105 1887 256 1933 perurit,
278 1885 385 1947 quod
404 1885 573 1935 praefert
594 1885 823 1922 Gebhardus
845 1887 1004 1936 (Crepp.
1034 1895 1071 1930 5,
1106 1887 1199 1931 18.)‚
1230 1885 1308 1921 sine
1337 1887 1456 1923 causa.

163 2006 231 2044 26.
273 2005 494 2056 frugalitas.
551 2009 653 2046 Gave
707 2009 754 2045 ad
870 2023 980 2059 quam
1003 2010 1102 2058 quod
1114 2008 1461 2058 somno—deerit.

107 2063 272 2100 nostram
305 2063 424 2100 hodie
457 2065 650 2101 rationem
680 2066 754 2101 cir·
811 2067 873 2102 Ad
904 2068 961 2102 cui
998 2065 1178 2114 intellige
1218 2065 1362 2106 laI›or1'‚·
1412 2078 1462 2101 ne

109 2118 335 2155 cmnsctibas
372 2121 482 2156 vocis
518 2121 754 2168 potestatem,
812 2123 914 2158 forte
960 2133 1143 2159 neutrum
1191 2121 1375 2170 accipias,
1415 2122 1464 2157 do

110 2185 148 2211 et
182 2173 228 2209 de
259 2173 335 2209 sola
357 2175 436 2210 cibi
468 2187 505 2212 et
524 2187 640 2224 potus
662 2188 756 2212 tem·
814 2189 899 2214 toto
932 2178 1095 2228 negotio
1127 2178 1170 2214 in
1204 2191 1343 2226 genere
1371 2190 1464 2228 pro·

109 2230 280 2280 perantia
311 2230 518 2282 intelligas.
560 2232 607 2268 cf.
638 2247 682 2274 ι,
718 2232 755 2273 6,
813 2234 1054 2270 nunciatum.
1141 2235 1258 2282 Quod
1299 2230 1465 2283 superest

39 2326 42 2332 ,
113 2296 176 2330 ι7.
213 2299 257 2320 11
275 2313 285 2326 ‚
315 2294 361 2329 5,
398 2299 458 2334 ¹9·
492 2287 562 2324 ubi
589 2287 676 2323 ndfi
708 2289 755 2323 ad
813 2291 960 2331 somno,
989 2290 1091 2325 illud
1112 2290 1348 2339 intelligitur
1371 2302 1468 2343 ten}-

101 2341 257 2391 Jacilem
305 2342 464 2379 ciborum
515 2341 756 2392 digestionem
812 2360 906 2395 pus,
939 2347 1047 2395 quod
1081 2347 1250 2382 nimium
1283 2360 1303 2381 a
1330 2346 1467 2396 pleris-

105 2399 312 2447 astringere
340 2399 591 2436 vocabulum.
621 2411 753 2442 12,1‚
815 2417 889 2452 que
944 2403 1080 2439 somno
1126 2403 1291 2446 concedi
1342 2402 1462 2444 solet:

107 2461 146 2500 8.
179 2457 279 2490 Sunt
299 2455 387 2490 boni
408 2469 534 2492 mores.
813 2456 911 2502 dees}
931 2470 1071 2502 autem,
1085 2459 1279 2508 quidquid
1301 2459 1463 2510 corpori

163 2525 302 2547 cum—
316 2514 569 2548 convertimus.
601 2513 754 2563 Displi·
809 2515 1026 2553 reficiendo
1045 2529 1183 2566 parum
1209 2516 1270 2553 est.

107 2578 166 2604 cet
187 2578 224 2603 et
242 2568 450 2604 indicativi
475 2568 682 2612 structura,
718 2581 756 2607 et

106 2623 346 2660 cumulatum
378 2639 468 2661 cum.
528 2625 667 2661 Malim
695 2640 754 2662 re·
870 2639 937 2672 27.
974 2628 1013 2678 si
1050 2640 1228 2667 vacet—
1249 2638 1462 2678 occupatos.

107 2680 204 2728 poni
224 2694 307 2729 quo,
339 2691 383 2717 ut
403 2682 592 2719 referatur
615 2683 662 2718 ad
675 2680 755 2732 fiu·
810 2683 978 2721 Attende
1010 2688 1205 2736 opposita.
1255 2697 1362 2736 glate
1395 2698 1463 2723 Va·

40 2745 43 2749 ·
109 2734 252 2771 diorum
268 2749 396 2784 genus.
810 2741 906 2777 riata
923 2741 1122 2780 structura
1171 2774 1173 2776 v

1471 741 1524 778 2Ἰ
