1676 3028
332 246 428 289 232
636 237 710 283 M.
746 239 879 284 FAB.
917 237 1301 300 QUINTILIAN
1301 241 1326 286 1

335 375 452 408 cum
475 359 690 410 tribuno
722 361 888 429 plebis
908 361 1212 411 humillimo
1239 363 1552 414 contendere
1581 363 1647 413 de

332 435 630 483 innocentia
658 434 747 484 sua
780 437 991 494 maluit,
1027 437 1285 486 inutiliter
1314 437 1410 487 fibi
1436 439 1650 488 videtur

336 509 670 578 conl'uluiffe:
708 521 795 559 aut
806 514 856 559 P.
867 512 1211 567 Rutilius,vel
1228 530 1348 561 cum
1369 515 1464 564 illo
1487 529 1650 580 paene

336 585 593 634 Socratico
615 602 801 650 genere
821 585 1136 635 defensionis
1159 586 1231 634 est
1251 586 1390 646 usus,
1408 590 1496 639 vel
1517 604 1652 645 cum,

337 669 612 708 revocante
650 677 771 710 eum
814 665 868 714 P.
909 662 1079 718 Sulla,
1135 678 1344 710 manere
1384 665 1445 712 in
1493 664 1652 713 exilio

337 734 539 791 maluit,
578 734 708 798 quid
732 735 830 783 fibi
855 737 1076 784 maxime
1097 736 1425 795 conduceret,
1463 737 1654 786 nescie-

268 818 316 852 13
340 807 438 854 bat.
515 810 587 857 Hi
614 826 741 858 vero
772 802 930 876 parva
972 811 1087 868 illa,
1142 828 1275 875 quae
1303 812 1654 872 abiectissimus

340 883 568 947 quisque
604 887 810 934 animus
844 886 994 935 utilia
1022 886 1199 944 credit,
1235 885 1276 935 si
1304 903 1427 936 curn
1458 889 1654 936 virtute

339 957 690 1017 conferantur,
724 958 1050 1025 despicienda
1075 962 1465 1022 judicaverunt:
1507 962 1655 1010 ideo-

339 1047 444 1094 que
487 1045 735 1100 perpetua
778 1034 1074 1085 seculorum
1132 1037 1475 1085 admiratione
1525 1038 1657 1084 cele-

337 1107 567 1156 brantur.
643 1111 834 1174 Neque
855 1127 951 1160 nos
982 1109 1141 1160 fimus
1171 1122 1275 1160 tam
1305 1112 1558 1169 humiles,
1596 1121 1658 1160 ut

273 1202 322 1239 24
345 1199 478 1249 quae
506 1184 796 1243 laudamus,
834 1186 1042 1236 inutilia
1075 1185 1357 1237 credamus.
1434 1185 1535 1237 Sed
1554 1187 1657 1236 hoc

342 1385 441 1426 Mox
462 1387 507 1426 de
528 1390 602 1426 tnn.
634 1389 750 1426 Goth.
776 1391 872 1430 Jens.
894 1392 981 1436 (tac.
1004 1390 1134 1437 Gesn.)
1163 1388 1296 1426 Ambr.
1319 1398 1356 1425 2·
1391 1387 1519 1426 Guelf.
1541 1389 1656 1426 Tarv-

342 1443 528 1479 omittunt
549 1444 594 1479 de
613 1459 699 1480 cum
718 1446 818 1481 Voss'.
845 1459 877 1483 ι.
900 1456 934 1481 2.
960 1454 997 1489 5.

422 1500 541 1535 Rutu.
570 1501 639 1536 vel.
672 1501 801 1537 Turia
831 1501 933 1536 Flor.
964 1501 1046 1543 (hic
1077 1513 1096 1534 a
1129 1513 1187 1547 pr.
1214 1501 1286 1544 m.)
1336 1500 1521 1535 omittunt
1567 1511 1656 1534 cum

339 1551 442 1590 Alm.
701 1556 815 1590 Sulla.
845 1555 959 1591 Libri
991 1555 1146 1602 quidem
1178 1555 1256 1589 mei
1286 1564 1322 1589 et
1350 1553 1416 1589 hic
1436 1554 1557 1602 Sylla,
1586 1566 1658 1589 nec

341 1607 548 1656 quidquam
581 1620 711 1645 contra
744 1623 807 1646 eos
837 1620 1038 1645 annotatur
1071 1623 1089 1644 e
1111 1610 1244 1646 Turio.
1272 1608 1374 1645 Flor.
1396 1609 1526 1644 Ambr.
1549 1619 1585 1644 2.
1615 1619 1660 1644 ut

340 1674 410 1697 nec
435 1657 518 1699 ullo
540 1675 743 1712 praeterea,
774 1666 842 1700 ubi
859 1665 937 1700 lroc
958 1677 1098 1700 nomen
1120 1663 1273 1711 legitur,
1303 1662 1402 1704 loco,
1431 1663 1496 1699 vel
1517 1676 1563 1699 cx
1582 1663 1657 1708 his,

340 1717 405 1752 vel
436 1731 482 1753 ex
507 1719 639 1755 Ambr.
670 1732 700 1755 ι.
730 1720 802 1755 Sed
831 1720 994 1755 viciffim
1023 1732 1178 1767 quoque
1212 1718 1322 1753 silent
1352 1719 1585 1755 conferentes
1617 1718 1663 1753 ad

345 1783 416 1813 ιι,
455 1787 497 1814 1,
530 1782 594 1819 85.
647 1774 717 1810 ubi
756 1785 910 1823 repente
939 1777 1067 1810 Burm.
1108 1784 1144 1809 et
1184 1786 1270 1808 cum
1315 1785 1360 1808 eo
1396 1774 1503 1812 Gesn.
1543 1773 1661 1814 Sulla,

341 1839 491 1874 praeter
521 1843 557 1870 1,
594 1839 628 1873 4,
662 1837 725 1872 25,
756 1843 843 1865 nam
873 1840 909 1865 ct
935 1830 994 1865 ibi
1026 1830 1148 1865 Sullae
1177 1829 1308 1864 Burm.
1339 1828 1447 1864 Gesn.
1478 1828 1540 1864 sed
1558 1826 1660 1863 Flor.

342 1882 475 1920 Ambr.
509 1897 541 1919 1.
586 1884 726 1933 Syllae.
765 1885 896 1919 Turio.
938 1884 1078 1922 siletur.
1139 1885 1316 1922 Veterem
1339 1882 1514 1919 ‘formam
1554 1882 1663 1918 fuiss'e

342 1950 411 1986 per
435 1940 494 1979 U,
524 1950 748 1990 argumento
779 1941 862 1975 sunt
892 1940 957 1974 ista
976 1939 1168 1987 sullaturit
1198 1945 1243 1982 3.
1274 1946 1319 1980 5,
1350 1946 1415 1980 32.
1445 1944 1493 1982 8,
1523 1938 1568 1977 6,
1597 1945 1663 1980 52.

343 1993 414 2028 ubi
437 1994 541 2028 nulla
565 1995 610 2029 de
630 1995 665 2028 U
687 1996 728 2029 in
745 2005 837 2030 vett.
861 1995 1075 2035 dubitatio;
1107 1993 1152 2028 cf.
1175 2005 1244 2028 nos
1263 1992 1308 2026 ad
1333 1999 1368 2034 5,
1406 2005 1465 2031 ιο,
1497 2001 1563 2035 30.

428 2049 614 2097 quidfibi.
643 2050 775 2085 Turic.
804 2049 906 2084 Flor.
937 2049 1062 2085 Guelf.
1096 2048 1225 2095 Camp.
1257 2045 1397 2096 quoclfi
1427 2060 1513 2083 cum
1542 2046 1660 2083 Goth.

342 2105 439 2142 Jens.
456 2105 569 2140 Tarv.
601 2105 723 2140 luodo
751 2114 979 2140 revocantem
996 2104 1098 2140 Flor.

428 2168 489 2201 15.
513 2157 637 2206 simus.
668 2159 770 2195 flor.
801 2160 931 2207 Camp.
955 2158 1077 2208 smnus
1101 2171 1187 2194 eum
1208 2157 1307 2193 Alm.
1327 2154 1508 2195 Nostrum
1527 2155 1658 2192 ‘rm-ic.

340 2210 409 2259 (cf.
443 2216 478 2260 ᾗ.
504 2216 597 2256 ιι.),
628 2215 733 2261 quod
752 2215 918 2263 praestat.

429 2275 490 2313 14.
520 2269 598 2305 hoc.
630 2270 763 2307 Ambr.
779 2281 815 2305 2.
845 2269 970 2305 Guelf.
994 2271 1178 2306 omittunt
1200 2281 1288 2304 cum
1310 2266 1427 2304 Goth.
1447 2266 1548 2305 voff.
1573 2273 1660 2310 2.3.

339 2443 530 2485 „Enarrat
573 2443 663 2480 Liv.
694 2448 767 2486 58,
819 2451 864 2486 51
898 2444 978 2492 sq.“
1088 2442 1258 2481 Rutilius.
1272 2441 1359 2484 ef.5,
1373 2450 1408 2481 2,
1423 2445 1460 2483 4.
1482 2437 1662 2487 Repulsae

340 2498 538 2534 Gesnerus.
591 2498 684 2533 adde
721 2507 758 2532 et
801 2510 877 2546 cap.
912 2499 973 2541 56.
1031 2499 1285 2545 hujus‚quam
1307 2495 1351 2531 ab
1375 2507 1420 2530 eo
1432 2494 1535 2531 Sulla
1559 2494 1660 2535 tulit,

339 2553 434 2587 item
483 2553 579 2588 Gell.
611 2558 654 2595 4,
708 2557 768 2595 ¹8·
815 2555 971 2600 Appiam.
1031 2554 1194 2603 gloriam
1235 2550 1423 2586 celebrant
1461 2559 1498 2585 et
1525 2552 1662 2586 Seneca

340 2607 482 2653 Syriae.
515 2614 629 2655 ο.4ο.
654 2620 690 2656 p.
714 2607 974 2658 (Schweigh.)
1030 2609 1179 2656 aliquot
1218 2606 1276 2642 ibi
1315 2605 1446 2655 positis
1485 2603 1581 2640 locis
1624 2614 1662 2639 et

345 2669 420 2708 597
443 2662 517 2711 seq,
1030 2662 1197 2699 Ovidius
1259 2673 1305 2698 ex,
1365 2661 1487 2699 Ponto
1526 2671 1541 2694 «ι
1560 2685 1572 2706 ,
1621 2666 1660 2702 3,
