1676 3028
369 182 533 228 1Nsr.
569 180 847 228 ORATOR.
882 179 1012 226 Lm.
1038 179 1134 234 x1‚
1174 191 1222 224 2.
1349 187 1457 236 327

79 324 101 337 ⁶
129 310 373 373 chamut:
416 307 565 374 quod
585 317 636 356 et
668 306 865 356 oratori
892 315 944 353 et
964 301 1066 371 ipsi
1086 302 1264 353 causae
1290 305 1462 370 pluri-

127 403 280 437 mum
305 383 524 436 confert.
580 385 722 434 Nam
749 393 800 432 et
819 382 984 448 magis
1006 382 1242 440 miratur,
1278 392 1329 430 et
1361 383 1461 429 mi·
1479 396 1534 440 47

126 480 230 514 nus
264 464 414 512 timet
442 462 628 525 judex,
667 477 801 527 quae
837 477 950 510 non
968 468 1117 525 putat
1139 457 1388 508 adversus
1410 457 1462 506 se

126 550 438 608 praeparata.
516 542 697 606 Itaque
727 538 787 587 in
817 537 1112 586 actionibus
1140 537 1280 585 inter
1311 552 1464 604 prae-

128 618 285 685 cipua
304 615 621 675 servandum
645 613 732 674 est,
767 624 829 664 ut
846 613 1103 683 quaedam
1123 615 1295 671 etiam,
1318 628 1464 678 'quae

128 696 329 759 optime
361 695 657 752 vinximus,
712 692 866 742 velut
894 689 1062 740 soluta
1097 692 1464 748 enunciemus,

128 781 182 819 et
212 771 566 836 cogitantibus
595 785 984 834 nonnunquam
1017 778 1068 816 et
1097 767 1465 818 dubitantibus

129 846 326 897 slmiles
360 864 612 912 quaerere
644 847 955 904 videamur,
1006 862 1138 911 quae
1171 846 1462 895 attulimus.

129 926 270 989 Ergo
298 923 431 989 quid
457 922 523 972 sit
549 925 830 988 optimum,
875 924 1146 972 neminem
1176 921 1329 988 fugit.
1410 921 1467 970 Si
1486 935 1539 976 43

126 1016 258 1050 vero
279 1010 370 1050 aut
392 1000 650 1049 memoria
671 1009 855 1048 natura
883 998 1073 1048 durior
1097 1000 1211 1057 erit,
1245 1010 1335 1048 aut
1352 1015 1466 1048 non

124 1072 497 1142 suffragabitur
531 1086 770 1141 tempuS,
826 1076 985 1124 etiam
1020 1077 1216 1124 inutile
1256 1077 1359 1124 erit
1401 1073 1467 1124 ad

125 1155 308 1204 omnia
337 1152 388 1202 se
418 1153 579 1203 verba
616 1153 854 1219 alligare,
895 1169 1017 1201 cum
1057 1152 1262 1202 oblivio
1301 1153 1467 1201 unius

126 1246 321 1281 eorum
360 1231 668 1294 cujuslibet,
726 1240 817 1280 aut
848 1227 1144 1280 deformem
1171 1227 1468 1280 haesitatio-

270 1372 482 1428 plusimum.
515 1373 649 1410 Turic.
675 1371 780 1408 Flor.
809 1371 891 1416 (hic
914 1384 932 1406 a
950 1383 1007 1419 pr.
1028 1373 1100 1416 m.)
1125 1346 1308 1419 primum:
1341 1372 1466 1410 Modo

129 1424 230 1477 quod
261 1429 308 1464 de
335 1432 478 1465 oratori
510 1430 643 1465 Turic-
673 1440 710 1464 ει
729 1439 815 1464 aute
833 1429 974 1464 oratori
997 1429 1186 1465 omittunt
1203 1429 1301 1469 Jens.
1323 1438 1361 1466 et
1380 1429 1467 1466 edd.

126 1483 284 1534 posterr.
308 1495 394 1521 ante
415 1485 504 1523 Ald.
526 1498 601 1520 acc.
623 1485 716 1520 Bad.
747 1485 850 1520 Mox
869 1482 997 1520 Guelf.
1015 1493 1134 1533 putet.

209 1567 277 1610 47.
305 1563 446 1612 Itaque.
479 1563 542 1599 Sic
562 1563 696 1599 Turic-
719 1561 824 1598 Flor.
845 1566 861 1607 (
872 1561 939 1598 hic
959 1575 979 1596 a
1001 1574 1060 1610 pr.
1082 1576 1132 1598 m.
1150 1565 1166 1608 )
1191 1565 1322 1614 Camp.
1362 1564 1471 1602 Ideo·

127 1630 204 1668 quo·
227 1619 325 1658 Jenr.
347 1631 446 1672 *cum
479 1619 638 1669 Rosterr.
670 1619 755 1655 edd.
788 1629 873 1654 ante
903 1617 1054 1666 Gryph.
1087 1633 1167 1656 exc.
1189 1621 1278 1657 Ald.
1310 1621 1470 1670 Reliqui

127 1676 254 1724 quue.
294 1676 394 1712 Mox
416 1678 605 1721 junximus
626 1675 753 1712 Guelf.
778 1676 910 1724 Camp.
933 1687 1020 1710 cum
1039 1676 1150 1713 Bodl.
1166 1678 1267 1717 Voff.
1290 1687 1326 1722 3.
1349 1678 1469 1715 Goth.

130 1741 168 1767 et
185 1731 271 1767 edd.
296 1742 381 1768 ante
392 1732 480 1770 Ald.
498 1744 573 1769 ace.
588 1732 680 1769 Bad.
712 1733 812 1768 Mox
832 1731 915 1783 post
931 1743 1195 1786 nonnunquam
1213 1735 1347 1771 Turio.
1360 1733 1469 1772 Flor-

127 1786 300 1823 inl'erunt
317 1801 401 1837 qua.

213 1860 280 1902 48.
310 1855 402 1904 quid
418 1854 484 1904 sit.
517 1855 647 1892 Tui-ic.
671 1857 736 1907 qui
754 1855 788 1905 s
820 1867 858 1892 et
876 1869 970 1892 mox
984 1853 1304 1904 suffragantibus,
1343 1858 1469 1906 supra-

129 1910 271 1960 scripto
290 1911 324 1945 E
345 1911 458 1960 super
476 1913 521 1952 T,
549 1925 596 1948 an
618 1923 662 1947 ut
684 1914 774 1949 effet
787 1911 1022 1962 suffi⁴agante
1045 1911 1121 1948 scil.
1142 1916 1336 1962 tempore?
1363 1913 1471 1950 Flor-

131 1967 265 2004 Ambr.
285 1977 323 2004 2.
349 1967 477 2005 Guelf.
498 1969 595 2005 Exc.
616 1970 769 2008 santen.
789 1970 929 2006 indicae
948 1982 1036 2006 eum
1060 1969 1161 2006 Voff.
1184 1978 1221 2014 3.
1242 1971 1359 2008 Bern.

128 2089 191 2127 Ad
221 2089 390 2127 nostrum
420 2090 552 2128 locum
582 2094 771 2130 Burman-
827 2093 958 2133 fione,
989 2091 1050 2128 fed
1081 2091 1196 2127 [imul
1224 2106 1362 2141 magna
1382 2092 1472 2129 sim·
1521 2100 1533 2107 “

130 2160 201 2184 nus
236 2146 464 2183 demonstrat
495 2148 538 2183 in
562 2149 633 2185 hac
662 2149 770 2186 locu·
827 2148 1013 2198 plicitatis
1063 2148 1203 2198 species
1253 2161 1470 2198 quaeratur.

130 2203 238 2240 tione
265 2203 347 2240 Cic.
377 2204 423 2240 ad
454 2204 604 2240 Famill.
633 2215 670 2249 7,
704 2213 770 2249 25.
829 2205 877 2241 cf.
901 2217 937 2252 9.
959 2211 994 2248 4,
1019 2214 1082 2247 77.
1142 2207 1188 2240 In
1208 2205 1275 2241 illa
1302 2208 1471 2253 cogitan-

128 2258 268 2309 ibique
290 2260 526 2302 Victoriam,
558 2272 596 2299 et
615 2264 770 2299 Petron.
830 2262 921 2297 tium
953 2272 990 2296 et
1019 2261 1268 2297 dubitantium
1287 2262 1473 2297 similitu·

132 2328 166 2352 c.
190 2322 257 2360 38·
829 2318 920 2354 dine
948 2317 1134 2353 Gesnerus
1162 2329 1264 2354 recte
1285 2317 1472 2354 lectorem

191 2381 256 2416 47.
288 2385 381 2422 quae
409 2375 548 2421 optime
577 2376 771 2413 vinximus.
831 2373 880 2409 ad
901 2386 937 2422 9,
961 2384 998 2415 2,
1023 2372 1091 2408 61.
1113 2374 1292 2410 remittit.

132 2428 181 2465 cf.
203 2431 236 2476 ς.
256 2437 321 2476 59.
352 2430 678 2466 Prouunciatione
697 2433 774 2481 ipsa
890 2437 955 2476 48.
971 2430 1059 2480 quid
1068 2427 1123 2478 sit
1143 2426 1474 2473 optimunz.i.c1'1m

131 2484 184 2521 fic
213 2483 353 2521 divelli
376 2495 414 2520 et
437 2487 566 2522 rursus
588 2488 776 2536 conjungi
833 2486 965 2523 omnia
994 2497 1151 2521 naturae
1186 2486 1286 2523 bona
1319 2488 1473 2535 respon-

133 2541 276 2577 debant
297 2554 350 2580 ea,
383 2554 480 2589 quae
498 2542 646 2578 summo
668 2556 774 2580 com·
832 2544 935 2579 dent.
969 2543 1015 2578 cf.
1046 2542 1078 2585 ᾖ.
1099 2549 1165 2588 45.
1214 2544 1330 2591 Quod
1348 2543 1474 2580 adhuc

133 2596 338 2646 positionis
351 2597 518 2634 artificio
529 2598 667 2634 structa
678 2601 772 2643 [unt.
831 2599 1015 2636 tractabat
1035 2598 1191 2639 bonum,-
1213 2613 1316 2636 nunc
1338 2600 1475 2638 transit

134 2663 180 2688 ut
195 2664 326 2702 pereat
354 2654 512 2702 quidem
535 2654 777 2703 aliquantum
835 2655 883 2693 ad
901 2655 1108 2691 remedium.
1131 2655 1178 2692 cf.
1207 2671 1242 2697 ι,
1269 2668 1303 2698 1,
1332 2671 1348 2692 ι
1362 2669 1396 2694 ι.

136 2720 186 2744 ex
211 2708 329 2746 iuius
348 2710 507 2748 virtutis
538 2712 778 2752 animadver-
893 2712 1036 2748 inutile.
1061 2711 1109 2748 cf.
1130 2719 1168 2757 5.
1196 2725 1258 2754 ιο,
1277 2719 1345 2759 82·
