1676 3028
288 219 382 264 352
531 233 534 236 -
583 170 661 254 ΜῘ
703 211 836 255 FAB.
885 173 1289 269 QUINTlLIANI

278 331 414 382 sono
443 319 733 396 indulgent.
811 334 882 379 Ut
901 331 973 391 est
994 336 1165 380 autem
1187 333 1453 384 neceffaria
1476 351 1593 384 ver-

287 408 478 456 borum
502 407 807 471 explanatio,
831 406 901 453 ita
927 423 1107 455 omnes
1133 409 1388 471 imputare
1410 421 1461 458 et
1482 411 1592 459 vel-

287 493 348 531 ut
384 497 722 540 annumerare
762 481 983 539 litteras,
1022 481 1326 540 molestum,
1363 495 1414 532 et
1442 485 1592 534 odio-

213 570 264 608 34
286 555 416 606 sum.
493 557 631 602 Nam
659 566 710 602 et
744 558 947 605 vocales
969 556 1368 622 frequentiffime
1389 563 1591 616 coeunt,

286 642 336 679 et
377 629 772 679 consonantium
810 631 1061 694 quaedam
1095 631 1398 699 insequepte
1422 636 1592 685 vocali

285 705 635 755 diffimulatur.
674 707 949 771 utriusque
982 709 1280 774 exemplum
1309 707 1593 774 posuimus,
1663 748 1667 754 .

395 812 574 850 Multum
605 811 671 850 ille
699 820 737 849 et
764 815 891 851 terris.
921 834 975 843 —
997 834 1052 843 ·—-

212 919 263 958 35
285 903 487 953 Vitatur
528 905 683 952 etiam
723 889 1002 954 duriorum
1035 906 1172 954 inter
1200 903 1249 954 se
1285 902 1595 971 congreffuS,

282 1090 378 1118 non,
408 1078 501 1113 item
520 1089 593 1111 non
613 1089 699 1114 cum
720 1074 821 1112 Flor.
842 1090 913 1125 pro
934 1076 1039 1112 dum:
1072 1090 1146 1113 acc.
1166 1077 1321 1115 videtur
1343 1075 1444 1114 Alm.
1467 1078 1535 1126 qui
1559 1088 1596 1114 et

281 1145 388 1173 mox,
418 1133 554 1168 itidem
573 1145 642 1181 per
661 1132 944 1180 compendium,
966 1132 1060 1180 sono
1084 1146 1156 1168 non
1177 1135 1265 1174 ind„
1282 1132 1350 1168 ubi
1366 1133 1495 1168 Turio.
1508 1132 1595 1182 solo

282 1201 357 1222 non
387 1189 410 1223 i.
636 1184 838 1235 'imputarffl
870 1188 931 1222 Sic
964 1188 1094 1223 Turio.
1125 1189 1224 1234 (nifi
1250 1189 1353 1237 quod
1384 1189 1595 1235 inputatte)

280 1242 382 1278 Fl'or.
412 1243 543 1278 Ambr.
567 1252 602 1276 2.
626 1241 696 1290 (et
717 1241 858 1277 horum
888 1253 1049 1290 uterque
1073 1245 1121 1284 in,
1155 1257 1234 1279 non
1262 1245 1337 1285 im)
1359 1242 1485 1279 Guelf.
1506 1256 1596 1278 cum

281 1297 399 1333 Goth.
421 1297 521 1332 Alm.
543 1297 644 1334 Voff.
669 1306 705 1330 2.
734 1298 832 1334 Jens.
855 1309 892 1333 et
919 1298 1002 1332 edd.
1022 1298 1176 1345 posterr.
1201 1309 1284 1334 ante
1305 1297 1390 1333 Ald.
1409 1310 1483 1334 acc.
1501 1298 1595 1332 Bad.

279 1352 387 1387 Gern.
400 1353 486 1400 Bip.
518 1353 674 1400 Reliqui
687 1363 905 1400 computare.
937 1353 1081 1401 Camp„
1093 1363 1135 1389 ut
1153 1366 1237 1395 noa,
1249 1366 1484 1389 annumerare
1506 1359 1598 1389 eum

279 1406 364 1443 edd.
389 1419 473 1443 ante
495 1409 626 1442 Burm.

362 1500 425 1540 34.
459 1494 705 1543 dffmulatur.
747 1497 809 1530 Sic
831 1496 960 1530 Turio.
991 1494 1093 1530 Flor.
1130 1494 1288 1542 Reliqui
1315 1493 1595 1545 dfflmdantur.

279 1553 378 1587 Mox
400 1550 442 1585 iu
462 1549 549 1584 loco
572 1550 709 1597 Virgil.
734 1551 881 1585 omittit
898 1550 1027 1585 Turio.
1053 1550 1126 1584 ille.
1161 1549 1276 1585 Goth.
1300 1550 1383 1586 inde
1405 1564 1476 1599 pro
1500 1553 1594 1586 unde

280 1607 357 1651 (cf.
382 1617 430 1653 9,
464 1617 507 1647 4,
535 1606 639 1654 5N¹·)·
671 1606 801 1653 Camp.
823 1606 992 1653 Idemque
1024 1617 1095 1652 pro
1126 1605 1294 1655 Ideoque.
1323 1605 1425 1641 Flor.
1448 1607 1592 1642 Catullo

239 1690 247 1696 κ
282 1675 369 1696 cum
390 1661 519 1708 Camp.
550 1670 586 1694 et
616 1661 699 1694 edd.
730 1671 814 1695 ante
836 1660 919 1694 Ald.
939 1686 948 1700 ,
990 1660 1186 1707 quomodo
1219 1670 1256 1695 et
1286 1659 1320 1700 6,
1347 1670 1384 1704 5,
1408 1667 1475 1706 8²·
1505 1675 1595 1701 cum

281 1715 406 1752 Guelf.
426 1716 486 1750 sed
505 1716 580 1749 fine
600 1714 703 1750 hisce
725 1715 865 1750 erroris
884 1715 1004 1751 [ociis.

278 1855 476 1904 „intelligi
514 1856 607 1892 adeo
644 1869 723 1892 non
752 1856 913 1905 poffint“
969 1865 1036 1891 tur.
1081 1858 1126 1892 In
1151 1855 1326 1906 exemplo
1348 1829 1504 1906 quiueln
1523 1857 1596 1895 illo

278 1911 471 1959 intellige.
530 1912 777 1954 Devorantar,
816 1924 911 1960 quae

278 1969 350 2003 vix
378 1968 568 2015 prodeunt
593 1979 677 2008 ore,
716 1966 910 2015 destituun-

271 2032 349 2063 .tur,
379 2035 472 2070 quae
497 2022 664 2057 claritate
685 2034 820 2058 carent.
851 2023 911 2061 Ad
931 2043 938 2051 ι

280 2079 587 2114 annumerandum
603 2091 622 2111 a
634 2078 795 2114 Gesnero
808 2089 908 2113 recte

279 2135 418 2181 citatur
439 2133 519 2168 Cic.
543 2133 588 2167 de
609 2133 681 2169 Or.·
700 2143 738 2176 5,
766 2148 781 2168 1
795 2147 826 2168 1.
851 2146 909 2167 ex-

278 2189 389 2236 primi
407 2188 548 2230 litteras
565 2189 737 2235 putidius.
789 2191 908 2236 Supra

281 2255 437 2290 quoque
466 2243 567 2290 apud
594 2243 760 2278 nostrum
781 2245 830 2278 est
849 2257 908 2278 ex-

278 2298 448 2346 planatio
480 2311 607 2333 vocum
643 2312 675 2339 1,
711 2307 745 2342 5,
778 2306 841 2341 33.
873 2309 910 2333 et

276 2353 397 2388 modo
408 2365 449 2387 os
461 2354 706 2400 explanatum.
718 2355 795 2389 vid.
819 2355 909 2389 Ern.

279 2407 386 2444 Clav.
410 2409 488 2444 Cic.
509 2408 548 2442 h.
569 2421 606 2444 v.
622 2409 715 2448 item
729 2422 799 2445 nos
815 2411 860 2444 ad
871 2421 909 2456 9,

278 2469 317 2508 4.
345 2469 408 2508 54.

337 2527 399 2560 54.
413 2517 606 2567 posuimus.
621 2532 656 2566 9,
669 2525 704 2562 4,
716 2528 778 2562 4ο.
791 2516 909 2560 „co'n-

278 2573 519 2612 „sonantium
548 2575 752 2624 quaedam“
776 2575 839 2609 hic
862 2575 911 2609 est

278 2639 358 2662 non
390 2629 460 2662 nisi
490 2644 561 2664 una
583 2631 609 2666 i.
631 2644 662 2665 e.
689 2632 752 2670 M,
792 2644 907 2677 quare

277 2682 478 2731 [iugulatis
515 2685 677 2732 ponitur
713 2684 907 2735 dffmula-
939 2693 942 2695 ’

967 1911 1061 1947 libri
1099 1914 1194 1948 noni
1224 1913 1300 1949 hoc
1337 1922 1372 1947 et
1401 1916 1502 1948 terris
1531 1915 1595 1949 ad-

966 1968 1107 2012 jectum
1152 1980 1230 2011 non
1274 1968 1456 2016 legimus,
1515 1981 1594 2016 quo

965 2022 1046 2069 ipso
1063 2024 1127 2068 fit,
1157 2033 1199 2057 ut
1222 2025 1442 2070 utriusque,
1470 2035 1507 2060 et
1528 2023 1596 2060 eli-

964 2077 1079 2114 fionis
1105 2077 1300 2114 vocalium
1313 2115 1315 2117 ,
1329 2087 1366 2117 et
1396 2090 1595 2127 corruptae

965 2132 1113 2169 litterae
1146 2131 1210 2173 M,
1250 2147 1328 2170 non
1359 2135 1452 2170 adeo
1473 2136 1595 2170 mami-

960 2188 1096 2234 'festum
1109 2189 1227 2224 fuerit
1237 2189 1469 2237 exemplum·
1487 2191 1596 2226 Num

965 2244 1086 2290 igitur
1115 2257 1159 2280 eo
1188 2244 1274 2279 loco
1297 2245 1389 2280 haec
1410 2245 1596 2281 vocabula

966 2300 1179 2334 ascribenda
1231 2298 1345 2334 sunt?
1422 2301 1596 2348 Suspicor

967 2355 1113 2401 magis,
1144 2355 1229 2395 hic,
1259 2355 1328 2390 ubi
1357 2368 1458 2391 nunc
1476 2356 1595 2390 versa-

966 2423 1074 2449 mur,
1114 2410 1211 2444 male
1247 2402 1456 2458 memoressn
1485 2410 1594 2444 fuisse

966 2464 1132 2498 nostrum
1146 2462 1246 2510 *ejus‚
1279 2465 1381 2512 quod
1403 2465 1510 2512 supra
1523 2477 1594 2512 po-

966 2521 1099 2559 suerit,
1142 2533 1227 2554 cum
1281 2520 1497 2567 praesertim
1551 2521 1594 2556 id

964 2574 1085 2621 ipsum
1120 2575 1213 2610 alibi
1250 2576 1462 2623 601npareat
1489 2586 1524 2622 9,
1552 2585 1591 2620 5,

967 2638 1030 2672 52.
1051 2630 1097 2665 cf.
1119 2640 1198 2666 not.
1220 2629 1302 2665 crit.
