1676 3028
375 181 541 228 1NsT.
578 178 858 226 ORATOR.
893 177 1016 222 Lm.
1052 173 1137 231 XI,
1176 187 1221 230 5.
1371 181 1466 230 547

44 297 55 311 ’
125 325 276 367 rm,
312 318 404 358 aut
437 308 672 365 ebrium„
720 315 811 356 aut
845 308 1009 365 eiecto
1044 299 1209 350 modo
1243 299 1471 357 vomitu,

56 413 57 417 =
126 403 262 453 quae
289 385 519 434 cavenda
542 384 760 450 quidam
783 391 1020 438 monent,
1060 378 1353 435 declamare
1378 393 1472 424 ne·
1494 399 1497 404 ·

125 466 354 520 minem,
388 464 484 528 qui
513 461 577 510 sit
610 462 802 510 mentis
836 474 1070 524 compos,
1108 467 1255 522 puto.
1327 452 1472 502 Illud
1492 465 1544 505 28

126 558 238 591 non
262 539 373 589 sine
396 538 545 589 causa
571 539 643 588 est
666 539 728 587 ab
751 537 998 588 omnibus
1023 543 1380 600 praeceptum,
1413 540 1476 579 ut

128 629 370 684 parcatur
383 619 611 665 maxime
622 617 745 665 voci
765 616 823 664 in
845 615 941 664 illo
969 630 995 660 a
1015 612 1241 678 pueritia
1265 611 1324 658 in
1349 607 1476 658 ado-

130 693 430 744 lescentiam
462 695 711 751 transitu,
750 693 876 758 quia
909 690 1217 740 naturaliter
1246 685 1477 754 impedi-

130 783 236 830 tur,
281 788 408 829 non,
451 782 511 820 ut
534 771 774 829 arbitror,
815 779 1032 835 propter
1054 768 1298 823 calorem,
1326 761 1477 829 quod.

131 848 349 915 quidam
380 858 731 915 putaverunt;
771 864 893 896 nam
916 844 989 894 est
1007 848 1176 906 major
1198 843 1346 901 alia53
1386 839 1478 888 secl

129 936 348 993 propter
378 925 664 975 humorem
693 927 901 999 potius;
942 939 1064 971 nam
1094 922 1199 971 hoc
1229 931 1364 968 aetas
1382 919 1477 967 illa

129 999 389 1067 turgescit.
470 1003 652 1068 Itaque
674 1017 824 1051 nares
852 1002 1036 1056 etiam,
1076 1015 1133 1046 ac
1159 1007 1372 1063 pectus,
1409 1012 1473 1044 eo

127 1083 369 1144 tempore
401 1088 634 1134 tument,
699 1087 857 1140 atque
890 1077 1069 1125 omnia
1104 1075 1255 1124 velut
1283 1073 1476 1139 germi-

128 1165 284 1215 nant,
321 1172 492 1222 eoque
525 1153 648 1208 sunt
675 1165 851 1205 tenera
886 1164 937 1202 et
969 1153 1198 1215 injuriae
1228 1150 1475 1200 obnoxia.

223 1373 288 1413 28.
322 1368 501 1404 omnibus.
537 1367 670 1403 Turic.
697 1365 913 1402 hominibus.
933 1366 1037 1402 Flor.
1064 1364 1102 1415 (a
1114 1365 1264 1415 plum.)
1286 1362 1480 1400 ominibus.

137 1415 269 1461 Tu'ric.
296 1424 432 1460 Ambr.
457 1434 492 1460 2.
516 1424 602 1468 (hic
619 1424 664 1460 ‘et
693 1424 783 1465 adu)
804 1423 1050 1472 adolescentia
1070 1436 1156 1459 cum
1177 1422 1283 1460 Voff.
1310 1435 1343 1457 ι.
1364 1422 1480 1457 Bern-

136 1475 255 1516 trans'i
284 1481 418 1516 Turic-
444 1483 508 1530 qui
533 1481 664 1516 Turic.
698 1480 831 1515 Ambr.
859 1489 893 1514 2.
924 1479 1058 1515 Guelf.v
1080 1481 1213 1527 Camp.
1248 1491 1336 1514 cum
1367 1478 1482 1512 Bern-

109 1543 113 1545 “
138 1536 256 1572 Goth.
281 1537 382 1572 Voss'.
408 1551 439 1572 ι.
459 1547 495 1572 2.
509 1535 607 1572 Vall.
623 1537 721 1574 Jens.
737 1537 851 1571 Tarv.
875 1550 949 1571 non
972 1535 1169 1571 omittitur
1191 1548 1209 1569 a
1231 1532 1482 1570 Turimflor.

137 1592 242 1640 (hoc
263 1606 283 1628 a
304 1605 361 1641 pr.
391 1595 470 1639 m.)
498 1604 535 1628 et
555 1592 655 1628 Alm.
685 1601 838 1641 propter
858 1593 996 1627 itidem
1023 1605 1042 1626 a
1066 1592 1198 1628 Turio.
1221 1590 1325 1626 Flor.
1346 1589 1442 1635 (hoc
1463 1602 1483 1622 a

134 1661 195 1698 pr.
222 1663 275 1685 m.
305 1663 325 1684 a
346 1663 420 1698 qua
443 1661 480 1686 et
503 1650 604 1685 calor
626 1646 704 1697 est).
738 1649 809 1685 Sed
833 1648 962 1684 Guelf.
985 1661 1062 1683 non
1083 1648 1243 1684 arbitror
1258 1662 1296 1696 p.
1321 1662 1348 1682 c.
1373 1657 1411 1682 et
1432 1645 1483 1680 fic

135 1705 241 1742 Flor.
261 1719 279 1740 a
300 1706 368 1742 [ec.
389 1720 440 1742 m.
625 1707 733 1742 alias.
761 1706 895 1742 Turie.
926 1705 1006 1740 alas
1028 1718 1116 1740 cum
1137 1705 1239 1741 Alm.
1263 1705 1333 1740 alis
1344 1703 1480 1738 Ambr.

81 1777 83 1782 ⁴
140 1772 178 1798 2.
219 1764 259 1797 ἱη
288 1763 372 1797 aliis
405 1765 538 1811 Camp.
572 1775 660 1797 cum
693 1762 812 1797 Goth.
844 1772 881 1798 et
911 1762 995 1797 edd.
1021 1773 1106 1796 ante
1129 1764 1251 1797 Stoer.
1277 1775 1352 1797 acc.
1376 1757 1480 1794 Roll.

138 1818 300 1866 Reliqui
320 1819 417 1854 aliis.
447 1820 633 1855 Nostrum
655 1832 673 1852 e
695 1819 927 1863 conjectura.
959 1817 1185 1852 haecGuelf.
1210 1817 1268 1865 (et
1286 1818 1351 1852 hic
1371 1816 1483 1851 vicis-

140 1874 211 1910 fim
235 1873 330 1921 illo)
359 1888 446 1910 cum
475 1875 573 1913 Jens.
594 1887 674 1909 non
696 1875 812 1908 Tarv.
866 1877 942 1908 Pro
973 1874 1147 1923 turgescit
1170 1875 1301 1908 Turic.
1316 1870 1483 1922 succeffit:

141 1942 231 1967 cum
258 1931 356 1966 Alm.
384 1941 422 1968 et
447 1931 563 1966 Palat.
585 1929 708 1965 Gebh.
730 1930 920 1978 probante
940 1930 1038 1971 hoc,
1070 1943 1209 1978 nempe
1231 1941 1274 1965 ut
1296 1929 1483 1965 scribatur

134 1985 327 2037 succeseit,
359 1989 465 2035 quod
494 1988 659 2024 verbum
686 1988 775 2035 quis
807 2000 978 2035 unquam
1007 1985 1139 2036 legit?
1177 1999 1247 2024 nec
1269 1987 1483 2036 quidquam

143 2043 356 2092 elegantius
383 2044 558 2093 vulgato.

236 2165 300 2203 29.
330 2157 752 2204 germinant—tenera.
793 2157 854 2192 Sic
884 2157 1014 2192 Turic.
1049 2156 1149 2206 (nisi
1169 2157 1274 2206 quod
1295 2160 1487 2206 geminant

149 2222 188 2249 et
199 2213 396 2249 obscurius
410 2211 639 2252 encliticam,
655 2226 750 2261 quae
762 2213 876 2261 posslt
888 2214 1010 2262 accipi
1023 2215 1139 2263 quod)
1152 2227 1237 2249 cum
1248 2215 1335 2250 Ald.
1350 2215 1456 2263 quod
1468 2228 1486 2249 a

150 2269 386 2317 quibusdam
396 2268 477 2317 legi
492 2270 568 2316 jam
583 2269 727 2317 Regius
742 2270 906 2304 testatur.
929 2270 1032 2306 Flor.
1046 2272 1178 2321 Cump.
1191 2285 1230 2318 g.
1244 2285 1284 2306 eo
1296 2270 1488 2320 quodsum*

151 2334 178 2361 t.
207 2325 269 2360 Ex
280 2324 381 2361 Alm.
394 2340 431 2374 g.
456 2339 498 2361 eo
520 2325 618 2374 quod
641 2334 666 2360 t.
696 2326 764 2370 (cf.
786 2331 834 2371 4,
861 2334 907 2369 5,
932 2327 990 2372 5.)
1019 2326 1128 2362 Basil.
1144 2341 1182 2374 g.
1206 2341 1320 2377 eoque
1339 2337 1364 2363 t.
1395 2340 1486 2362 cum

150 2382 305 2430 aliquot
326 2382 551 2417 Burmanni.
601 2381 759 2431 Reliqui
781 2382 969 2418 omittunt
987 2397 1102 2434 eoque
1114 2383 1214 2432 sunt.
1254 2387 1354 2419 Ante
1373 2397 1487 2432 germ.

153 2438 287 2474 Turio.
315 2437 418 2475 Flor.
454 2439 586 2487 Camp·
616 2449 798 2487 repetunt
831 2452 872 2474 eo
906 2450 1081 2487 tempore.
1117 2441 1215 2478 Jens.
1246 2440 1377 2488 priore
1398 2439 1488 2476 loco

152 2494 286 2530 inserit
306 2497 465 2530 maxime
484 2495 587 2531 inter
607 2508 652 2531 eo
677 2506 715 2531 et
738 2504 899 2543 tempore
923 2509 1009 2531 cum
1027 2496 1114 2532 edd.
1130 2497 1286 2545 posterr.
1300 2508 1384 2532 ante
1397 2497 1490 2533 B‘ad.

153 2559 259 2586 nates
281 2564 438 2600 quoque
463 2551 590 2588 Guelf.
619 2564 693 2600 pro
720 2565 835 2587 nares.
897 2555 973 2588 Pro
994 2551 1096 2601 sicut¹
1115 2552 1328 2603 Turic.fic.
1363 2552 1490 2590 Guelf.

153 2621 227 2643 vox
251 2621 336 2646 non.
366 2609 501 2645 Ambr.
524 2618 562 2646 2.
593 2609 724 2646 dicens.
779 2611 854 2645 Pro
878 2611 1042 2646 oracioni
1054 2610 1186 2650 Turic.
1206 2611 1339 2661 Camp.
1364 2612 1493 2647 ordine

154 2675 244 2700 cum
264 2664 366 2703 Alm.

1500 1011 1551 1051 29
