1676 3028
331 180 498 231 msr.
541 177 822 238 onnon.
869 173 994 222 Lm.
1037 173 1112 230 x,
1160 181 1205 222 1.
1376 169 1455 231 ²⁸9

99 311 198 379 gis'.
244 307 483 374 Ideoque
502 305 858 357 immortalem
878 302 1027 352 illam
1045 297 1279 351 Sallustii
1301 300 1451 350 velo·
1465 313 1545 345 102

102 390 312 438 citatem
375 382 595 435 diverfis
654 382 948 434 virtutibus
1005 378 1320 430 consecutus
1370 375 1458 427 est.

99 466 248 516 'Nam
292 463 431 512 mihi
472 462 680 529 egregie
722 457 903 510 dixiffe
946 457 1165 507 videtur
1206 455 1462 506 Servilius

104 543 412 598 Nonianus,
469 556 618 607 pares
664 555 755 589 eos
798 537 989 603 magis,
1039 552 1203 601 quam
1239 533 1461 583 similes:

104 620 202 684 qui
236 629 288 667 et
321 616 432 684 ipse
462 634 492 666 a
521 617 677 667 nobis
709 615 921 666 auditus
946 611 1036 672 est,
1061 613 1185 662 elati
1202 612 1289 661 vir
1311 612 1462 678 inge-

195 763 286 788 102.
318 751 434 787 illam.
466 750 600 786 Turic-
621 749 727 786 Flor.
759 749 843 793 (hic
875 762 895 783 a
917 761 975 797 pr.
993 761 1070 787 m.‚
1099 746 1162 783 sed
1193 745 1354 795 reponit
1376 755 1466 783 ante

107 809 271 844 immor-t.
314 819 394 856 quo
437 805 528 843 loeo
561 817 597 842 et
627 805 754 843 Guelf.
789 806 923 849 habet)
971 804 1178 844 omittunt,
1237 815 1327 838 cum
1360 801 1464 839 Alm.

107 863 290 914 suspicor
312 863 491 899 haustum
513 877 534 898 a
559 863 824 912 praecedentis
859 862 1055 898 extremis.
1283 855 1462 907 Sallustii.

106 921 241 956 Turio.
262 919 301 966 (a
321 920 391 955 sec.
415 919 488 963 m.)
512 920 646 967 Camp.
678 916 874 962 Sallustius
895 932 984 954 cum
1004 917 1102 957 Jens.
1131 917 1246 952 Tarv.
1280 915 1466 952 Correxit

99 966 265 1024 Regius.
495 976 744 1011 velocitatem.
806 976 941 1010 Turio.
997 976 1044 1016 (a
1093 974 1161 1008 see.
1211 973 1295 1019 m.)
1345 972 1465 1008 civili-

106 1040 233 1068 tatem.
465 1030 640 1066 Servilius
671 1032 878 1067 Nonianus.
923 1029 1053 1067 Guelf.
1095 1029 1277 1078 Virgilius
1313 1028 1380 1071 (cf.
1419 1027 1468 1064 ad

106 1094 157 1133 8,
189 1097 236 1132 5,
266 1087 353 1134 53.)
382 1086 591 1129 Novianus,
625 1098 663 1123 et
691 1088 739 1123 fic
768 1088 811 1123 in
844 1088 913 1124 see.
944 1086 1104 1123 nomine
1125 1085 1226 1125 Jenr.
1255 1098 1346 1122 cum
1379 1084 1468 1121 edd.

39 1143 44 1147 “
106 1144 247 1194 poster.
291 1155 378 1180 ante
409 1145 545 1193 Burm.
589 1146 626 1181 S.
663 1145 859 1181 Nomanus
888 1144 1008 1181 Goth.
1052 1145 1158 1187 (err.
1190 1142 1335 1186 Gesn.)
1375 1154 1469 1178 cum

106 1199 216 1239 Voss‘.
251 1209 288 1237 2.
335 1201 374 1238 S.
405 1200 617 1236 Nomianus
663 1202 797 1251 Camp.
847 1200 1035 1238 Nostrum
1078 1210 1116 1235 et
1144 1197 1245 1237 Vall.
1279 1211 1317 1236 et
1354 1209 1470 1235 vetu-

108 1256 269 1308 mmi·
519 1259 611 1294 elati
639 1259 697 1294 vir
727 1259 879 1305 ingenii.
937 1257 1073 1293 Turio.
1106 1255 1211 1292 Flor.
1245 1257 1382 1293 clarius
1414 1258 1469 1291 in-

108 1314 223 1361 genii.
284 1312 355 1348 Ille
377 1327 397 1348 a
426 1314 495 1349 see.
522 1327 575 1351 m.
598 1313 717 1349 clarus
748 1315 911 1362 ingenio,
933 1314 1040 1349 et'fic
1065 1313 1199 1362 Camp.
1233 1326 1322 1349 cum
1346 1313 1468 1351 Goth.

109 1365 216 1406 Voss'.
247 1380 284 1405 2.
325 1368 438 1406 colb.
472 1380 510 1406 et
536 1370 621 1406 edd.
656 1380 742 1406 ante
773 1369 884 1406 Bafil.
935 1370 1062 1407 ctarec
1091 1383 1126 1404 v.
1156 1371 1180 1404 i.
1222 1369 1351 1406 Guelf.
1409 1371 1473 1407 Ex

109 1424 214 1463 Voff.
240 1434 276 1468 5.
308 1426 467 1462 affertur
488 1427 594 1463 daret
612 1441 647 1463 v.
672 1429 695 1462 i.
728 1426 849 1484 Gothf
871 1427 990 1462 elatus
1011 1427 1174 1474 ingenio,
1204 1426 1248 1462 in
1273 1438 1367 1474 quo,
1400 1427 1473 1464 nia

108 1481 196 1531 post
217 1481 326 1518 Getn.
362 1492 399 1517 et
423 1482 503 1531 ipse
535 1482 722 1523 «munivi,
753 1486 867 1519 verne
900 1482 1058 1517 demum
1089 1482 1299 1531 scripturae
1329 1484 1474 1519 semina

108 1537 319 1574 servantur.
381 1538 479 1585 Quis
510 1540 615 1574 enim
645 1539 813 1580 „clarum
844 1539 1078 1587 ingenium“
1106 1538 1230 1580 dixit,
1268 1539 1341 1576 nifi
1371 1540 1475 1577 forte

100 1593 238 1642 'ipsum
267 1593 472 1631 hominem
499 1595 745 1644 fignificaret,
777 1596 889 1643 cujus
923 1595 1014 1631 ess'et
1045 1594 1276 1643 ingenium,
1306 1607 1352 1633 ut
1381 1608 1475 1645 ¹¹9·

111 1649 281 1693 Elatum,
314 1652 421 1699 quod
455 1652 562 1688 idem
593 1652 642 1688 est
676 1665 719 1688 ac
743 1650 935 1701 sublatum
968 1651 996 1686 i.
1017 1664 1049 1686 e.
1070 1651 1258 1701 amplum,
1293 1652 1473 1696 sublime.

111 1715 295 1755 poterant
315 1709 464 1755 optime
487 1709 532 1750 ii,
563 1709 635 1757 qui
645 1708 834 1759 sublatius
863 1706 930 1744 vel
956 1708 1092 1744 elatius
1112 1709 1241 1745 dicere
1266 1721 1477 1760 opponunt

113 1761 303 1812 ei„.quod
325 1763 378 1800 eft
394 1763 548 1816 preffius
567 1775 606 1802 et
633 1767 789 1803 tenuius.
850 1764 970 1813 Quod
1002 1764 1153 1801 faciunt
1172 1765 1312 1803 Cicero
1336 1777 1374 1803 et
1394 1766 1477 1804 Pli-

123 1909 126 1914 .
179 1885 272 1912 102·
320 1877 569 1915 velocitatem.
636 1878 694 1915 Cf.
728 1884 766 1923 4,
881 1878 1060 1914 Servilius
1079 1879 1289 1916 Nonianus.
1339 1881 1477 1917 Homo

114 1941 169 1974 2,
215 1942 306 1977 107.
362 1935 766 1972 Animadvertendum

115 1997 246 2030 autem
266 1990 412 2026 summa
438 1990 505 2027 hic
528 1992 769 2042 proprietate

116 2045 279 2094 politam
306 2059 446 2083 vocem
480 2047 652 2094 subjecto
683 2062 769 2085 con-

109 2099 293 2151 sequendi
354 2103 493 2139 verbo.
580 2105 632 2140 Et
691 2105 770 2141 boc

121 2155 282 2203 quidem
323 2159 594 2207 unusquisque
637 2160 772 2196 sentiet

119 2223 204 2248 non
233 2214 314 2250 dici
348 2226 452 2249 nunc
482 2227 557 2264 pro
590 2215 773 2257 habendo,

120 2271 368 2318 acquirendo,
410 2270 474 2305 sed
507 2269 578 2307 effe
604 2271 772 2322 pensare.

122 2337 439 2375 praecurrentem
483 2328 539 2364 ita
576 2327 775 2377 consequi,

121 2390 170 2417 ut
210 2396 291 2420 non
330 2384 377 2420 fit
415 2384 551 2433 potior
587 2385 670 2434 ipso
707 2384 777 2434 qui

112 2439 386 2488 'sequebaturg
464 2453 546 2490 qno
613 2441 775 2478 nomine

111 2518 153 2540 ·.,
166 2495 332 2546 diversae
347 2496 515 2533 virtutes
529 2502 555 2519 “
586 2497 775 2547 aptiffime

109 2552 324 2590 dicuntur.
405 2555 469 2590 De
521 2553 774 2604 consequendo

110 2609 177 2646 ·cf.
202 2622 266 2652 ιο,
297 2619 335 2651 2.
367 2619 405 2656 7.
455 2607 707 2648 Immortalem
727 2611 775 2647 ad

108 2669 165 2714 '§.
188 2665 253 2712 86.
288 2679 353 2709 ιο,
384 2675 424 2709 2,
456 2674 519 2713 ιβ.

825 1942 865 1971 et
903 1947 1061 1971 morum
1098 1946 1138 1971 et
1177 1936 1332 1984 ingenii
1376 1937 1478 1974 fama

825 1990 991 2032 florens,
1044 1993 1116 2041 qui
1146 1993 1334 2028 Romanis
1361 1994 1480 2030 rebus

827 2048 1024 2084 tradendis
1053 2047 1252 2089 inclaruit,
1276 2049 1481 2099 postquam

828 2103 897 2140 diu
961 2104 1051 2141 foro
1122 2102 1276 2140 celeber
1341 2106 1480 2144 fuerat.

828 2160 972 2198 Verbis
993 2171 1085 2196 utor
1109 2161 1239 2196 Taciti
1257 2163 1395 2199 Annal.
1417 2170 1481 2208 14,

835 2226 897 2261 19.
937 2217 985 2252 cf.
1015 2215 1123 2252 Dial.
1164 2216 1212 2252 de
1252 2217 1377 2257 Oratt.
1415 2229 1483 2265 23·

830 2270 933 2309 Plin.
955 2272 1074 2322 Epist.
1101 2284 1136 2314 ι,
1176 2282 1240 2317 13,
1272 2283 1311 2319 3.
1366 2277 1487 2314 Hune

830 2337 876 2363 ut
934 2339 1085 2379 patrem
1141 2328 1268 2368 coluit
1313 2334 1484 2378 Perfius3

830 2384 914 2421 vid.
945 2387 1049 2422 Suet.
1079 2386 1122 2422 in
1152 2387 1245 2424 vita.
1315 2391 1411 2437 Ejus
1442 2391 1488 2428 in

834 2441 1011 2491 sepulcro
1043 2442 1087 2478 in
1119 2442 1185 2478 via
1204 2444 1331 2494 Appia
1361 2460 1488 2497 nuper

834 2498 964 2534 effon‘a
983 2498 1114 2540 statua,
1126 2500 1318 2539 consulari
1337 2503 1487 2546 habitu,

834 2566 928 2590 cura
940 2555 1135 2597 Canovae,
1158 2559 1299 2596 eximii
1317 2560 1488 2611 sculpto-

832 2611 888 2647 ris
913 2611 1134 2661 optimique
1160 2614 1254 2651 viri.

893 2668 984 2705 elati
1011 2670 1070 2706 vir
1098 2670 1241 2720 ingenii
1250 2684 1265 2713 ,-
1297 2672 1382 2712 vid.
1404 2684 1488 2712 not·

834 2735 923 2762 cut·
