1676 3028
350 254 442 289 110
512 255 518 265 ¹
605 306 610 314 ι
638 244 730 289 M.
764 246 903 291 FAB.-
933 239 1342 307 QUINTILIANI

343 383 428 417 me
451 370 772 434 opinionem,
793 372 915 436 quia
938 371 1182 420 damnare
1203 389 1341 431 eum,
1357 385 1407 423 et
1431 375 1662 434 invisum

344 442 558 508 quoqu‘e
587 446 775 493 habere
814 445 929 495 sum
973 447 1210 496 creditus.
1289 450 1446 518 Quod.
1479 453 1663 501 accidit

341 520 502 578 mihi,
565 520 695 568 dum
747 532 1054 586 corruptum
1103 533 1167 570 ets
1212 525 1456 575 omnibus
1515 528 1660 576 vitiis

340 593 564 644 fractum
594 595 803 644 dicendi
834 613 998 662 genus
1022 614 1266 646 revocare
1310 599 1375 648 ad
1405 599 1662 650 severiora

258 671 540 737 zcfijudicia
565 671 840 720 contendo.
918 677 1059 721 Tum
1089 683 1261 722 autem
1280 673 1419 724 [olus
1443 676 1530 724 hic
1553 675 1662 724 fere

337 822 460 869 Regio
488 822 655 867 jubente,
687 836 800 870 quem
834 825 930 860 bene
951 825 1117 860 revincit
1136 825 1287 862 Badius.
1345 827 1428 862 Nec
1459 827 1504 864 ab
1525 827 1604 873 ejus
1626 836 1663 864 et

335 878 549 913 Burmanni
577 879 723 913 ratione
755 893 816 915 me
847 880 1002 916 abducit
1023 881 1218 916 Gisbertus
1238 883 1348 916 Koen
1367 883 1407 916 in
1427 882 1524 930 obss.
1554 883 1661 918 MSS.

336 944 488 966 mecum
528 935 839 976 communicatis,
900 947 1129 982 quanquam·
1147 936 1400 972 demonstrans
1437 939 1497 975 Jo.
1515 950 1517 953 ⁴
1538 939 1661 973 sares-

334 986 554 1027 beriensem,
589 989 657 1035 qui
688 989 762 1023 hoc
788 989 967 1037 versatum
997 991 1116 1038 ipsum
1146 991 1311 1038 praefert
1328 991 1503 1027 Policrat.
1527 998 1562 1035 8,
1598 1001 1660 1034 155

334 1054 372 1090 p.
405 1042 495 1077 600.
536 1044 651 1089 Quod
679 1045 779 1078 enim
813 1045 984 1080 Koenius
1017 1057 1137 1093 negat,
1172 1056 1273 1080 recte
1309 1047 1468 1082 Fabium
1495 1047 1660 1095 potuiss'c

335 1096 498 1132 dilatum
529 1111 548 1131 a
591 1099 624 1132 se
651 1100 692 1133 in
725 1100 832 1134 omni
864 1112 1000 1147 genere
1041 1100 1279 1149 eloquentiae
1311 1103 1488 1136 Senecam
1520 1101 1659 1142 dicere,

336 1152 425 1199 quia
445 1154 624 1188 restarent
642 1154 735 1189 aliae
754 1154 869 1200 hujus
893 1155 1085 1190 doctrinae
1105 1166 1228 1203 partes
1249 1155 1293 1190 ab
1314 1156 1395 1204 ipso
1417 1141 1659 1204 explicandae

272 1226 277 1230 -
333 1206 411 1241 hoc
431 1218 468 1242 et
485 1209 581 1256 seqq.
596 1207 732 1249 libris;
767 1223 845 1245 non
868 1211 1028 1245 attendit
1048 1212 1110 1245 vir
1130 1211 1276 1250 doctus,
1291 1210 1410 1245 folum
1435 1211 1500 1246 hie
1518 1209 1659 1259 signifi«

334 1262 412 1296 cari
431 1264 841 1312 censum'scriptorum,
876 1279 989 1313 quem
1019 1266 1141 1300 adhuc
1161 1266 1239 1312 egit
1269 1265 1408 1301 Fabius
1427 1265 1503 1300 hoc
1525 1264 1659 1314 capite3>

332 1317 375 1351 in
395 1319 580 1365 cujusque
602 1318 675 1353 fine
696 1319 907 1355 collocatur
929 1323 1076 1355 Seneca.
1107 1322 1152 1356 cf.
1182 1325 1214 1368 ᾖ.
1239 1326 1302 1363 75.
1340 1321 1586 1370 „Xenophon
1605 1331 1660 1351 --⁴

337 1372 466 1412 „inter
493 1373 745 1422 philosophos
769 1375 1024 1410 1·eddendus.“
1327 1389 1330 1392 ’

414 1431 510 1476 quia.
562 1429 623 1463 Sic
652 1431 781 1465 Turio.
812 1430 913 1466 Flor.
945 1431 1075 1478 Camp.
1109 1444 1196 1465 cum
1230 1431 1344 1467 Goth.
1376 1432 1486 1469 Jens„
1507 1442 1544 1468 et
1573 1432 1655 1468 edd.

311 1483 486 1531 ¹posterr.
512 1495 596 1519 ante
615 1484 721 1519 Bafil.
757 1499 849 1533 quae
869 1487 971 1521 Vols.
999 1499 1032 1520 1.
1060 1485 1216 1533 Reliqui
1253 1500 1335 1533 qua.
1367 1486 1423 1522 Cf.
1448 1498 1484 1528 2,
1523 1495 1586 1530 15,
1619 1487 1656 1522 6.

414 1551 502 1578 eum,
535 1547 580 1575 et.
624 1538 748 1574 Guelf.
779 1540 924 1574 omittit
954 1550 1002 1575 ew.-
1242 1550 1277 1574 et
1309 1541 1484 1577 omnibus.
1535 1540 1658 1577 Goth.-

329 1593 417 1638 (tac.
443 1594 570 1638 Gesn.)
605 1607 648 1628 ex
670 1607 702 1629 o.
742 1607 830 1628 cum
859 1596 961 1631 Voss'.
986 1605 1021 1630 2.
1241 1609 1410 1631 revocare
1428 1597 1488 1632 ad.
1521 1597 1655 1634 Turio.

328 1661 357 1682 r.
380 1643 416 1682 al
443 1646 509 1692 (cf.
537 1651 644 1694 118.)
677 1649 750 1688 ad,·
789 1663 808 1683 a
828 1650 894 1684 [ee.
918 1664 968 1685 m.
1019 1665 1046 1685 r.
1080 1651 1223 1698 aliquos
1256 1651 1315 1686 ad.
1547 1650 1651 1699 seve-

328 1705 441 1738 riora.
465 1704 708 1739 Turic.Flor.
731 1704 769 1751 (a
789 1719 846 1752 pr.
868 1718 918 1739 m.
942 1708 1119 1753 uterquc)
1135 1704 1291 1752 severia.
1320 1717 1414 1741 mox
1433 1705 1501 1741 ille
1513 1705 1657 1754 ,[’ὲυεινωΙ

329 1769 366 1793 et
389 1760 436 1794 sle
457 1760 587 1806 Camp.
619 1760 735 1794 Goth.
770 1763 856 1804 (tac.
879 1760 1018 1807 Gesn.).
1648 1768 1650 1772 “

414 1813 503 1851 126.
555 1814 645 1848 Tum
673 1824 805 1850 autem.
837 1816 965 1850 Turic.
995 1816 1095 1851 Flor.
1127 1814 1253 1851 Guelf.
1287 1816 1418 1863 Camp.
1449 1827 1526 1850 cum
1565 1829 1654 1852 cum

1429 1870 1497 1906 hic.
1520 1872 1650 1908 Turio.

327 1868 444 1904 Goth.
464 1868 566 1906 Voff.
593 1881 628 1904 2.
662 1873 752 1913 (err.
773 1872 924 1918 Burm.)
954 1869 1063 1910 ⁴Jens.
1087 1872 1201 1908 Tarv-

327 1927 367 1971 (a
388 1938 447 1974 pr.
470 1928 540 1969 m.)
569 1924 672 1960 Flor.
698 1926 790 1960 huic.

325 2059 398 2100 „de
441 2071 670 2106 quocunque
710 2071 846 2106 genere
887 2057 964 2094 elo-

321 2115 575 2162 „quentium,
624 2114 692 2160 qui
721 2114 867 2149 oratori
894 2116 964 2150 fint

323 2169 551 2209 „imitandi,
582 2168 779 2216 loquerer:
813 2181 848 2204 et
875 2182 961 2204 cum

323 2225 396 2264 „de
427 2223 573 2271 poetiS:
617 2235 653 2259 et
684 2238 769 2259 cum
803 2226 848 2260 de
880 2238 961 2260 ora-

322 2279 500 2318 „toribus
554 2290 591 2314 et
641 2293 728 2314 cum
775 2281 820 2315 de
872 2280 960 2328 phi-

322 2333 517 2382 „losophis
581 2335 804 2371 Romanis.“
890 2337 960 2369 Ba-

324 2388 422 2424 dius.
463 2390 569 2428 Hoc,
601 2390 705 2436 quod
726 2390 801 2435 jam
818 2390 959 2426 lecturi

322 2444 468 2483 sumus,
519 2445 564 2478 de
598 2446 732 2479 Seneca
765 2445 957 2490 judicium

322 2499 515 2545 quantivis
550 2499 599 2534 est
628 2501 756 2547 pretii.
818 2500 956 2538 Confe-

321 2554 481 2588 rendum
504 2565 627 2589 autern
652 2567 739 2589 cum
760 2568 804 2590 eo
816 2555 954 2590 Gellia-

315 2621 410 2645 num
445 2610 530 2651 (12,
547 2611 620 2652 ,2.)
651 2610 692 2644 in
717 2623 793 2657 quo
817 2621 853 2645 et
873 2611 954 2657 ipso

317 2664 506 2700 accusatur
539 2666 698 2699 Senecae
725 2665 954 2712 protervitas

315 2721 358 2755 in
375 2719 572 2767 carpendis
602 2731 775 2755 veterum
795 2720 952 2768 scriptis.

1018 2059 1101 2094 Nec
1129 2057 1402 2107 negligendum
1443 2058 1514 2098 est,
1545 2059 1663 2107 quida

1020 2115 1113 2161 qnid
1135 2114 1192 2149 ibi
1209 2114 1462 2162 exprobratur
1480 2115 1652 2154 Senecae,

1017 2169 1058 2204 in
1080 2170 1127 2204 iis
1148 2169 1317 2217 quidem,
1348 2182 1441 2215 quae
1461 2169 1545 2203 sunt
1563 2169 1653 2203 reli·

1019 2237 1136 2271 quae,
1183 2225 1263 2270 ejus
1290 2235 1450 2271 operum
1479 2224 1655 2272 partibus

1016 2292 1094 2315 non
1122 2278 1307 2318 inveniri.
1341 2279 1386 2314 cf.
1418 2278 1525 2314 Fabr.
1546 2278 1650 2316 Bibl.

1017 2334 1078 2368 lat.
1102 2336 1158 2370 ed.
1181 2335 1270 2368 Em.
1290 2333 1427 2371 Vol.2.
1447 2347 1485 2381 p.
1506 2343 1595 2375 107.
1609 2340 1660 2377 8.-

1017 2389 1234 2425 Sallustium
1265 2401 1343 2424 non
1370 2388 1490 2435 ipsum
1529 2389 1649 2437 carpit

1016 2455 1080 2479 aut
1108 2444 1380 2479 irreverentius
1415 2454 1558 2484 tractat,
1588 2444 1647 2478 sed

1010 2512 1148 2548 pravos
1173 2499 1384 2534 imitatores
1401 2508 1507 2533 notat
1529 2499 1645 2547 Epist.

1018 2568 1032 2588 1
1047 2561 1107 2597 ²4·
1137 2556 1166 2589 F
1169 2554 1299 2589 ortass'e
1319 2563 1442 2588 tamen
1463 2554 1586 2589 noster
1610 2563 1646 2588 et

1011 2609 1216 2644 familiares
1245 2608 1415 2655 ejusdem
1453 2610 1643 2645 sermones

1010 2665 1184 2712 respexit.
