1676 3028
296 257 396 307 444
612 253 686 298 Μ.
723 254 854 299 FAB.
893 255 1300 314 QUlNTlLIANI

299 373 563 437 aliquanto
583 373 734 440 supra
745 377 902 424 imam
917 387 1088 442 togam
1121 379 1296 441 fuerit,
1326 400 1598 451 nunquam

294 513 454 560 Reliqui
489 529 594 562 quam
623 530 652 551 c.
691 517 749 551 sed
780 518 1000 553 Gronovius
1032 519 1169 563 (Thes.
1206 523 1339 560 Graev.
1375 525 1456 562 Vol.
1486 526 1521 562 6.
1554 540 1594 576 P·

299 569 390 621 692.
420 570 494 611 Ε.)
526 571 694 605 nostrum
727 573 958 617 conjecerat;
985 575 1220 616 necessario.
1253 590 1336 612 eum
1364 579 1502 628 absque
1527 581 1598 617 hac

294 622 476 670 scriptura
499 625 603 660 locus
626 626 756 660 frustra
780 637 944 662 tentetur
969 629 1143 677 miroque
1163 633 1247 669 VV.
1272 634 1362 668 DD:
1383 641 1509 670 errore
1538 635 1598 671 in·

293 677 468 725 teUigere
487 679 558 714 fibi
577 681 647 715 visi
668 682 736 715 sint
755 682 883 722 verba,
907 696 999 730 quae
1021 684 1196 721 sententia
1223 687 1330 736 plane
1352 700 1486 726 carent.
1512 692 1600 725 Pet·

293 735 569 774 mutationem,
610 749 675 782 per
704 737 735 770 se
766 737 1025 784 probabilem,
1058 741 1282 778 demonstrat
1307 743 1350 777 in
1386 743 1495 780 libris
1525 745 1598 780 fre·

294 798 472 835 quantem
496 788 688 826 Drakenb.
713 792 755 824 ad
782 792 866 825 Liv.
895 793 938 832 6,
971 802 1045 837 55,
1078 806 1120 841 9,
1154 806 1189 831 et
1218 797 1330 835 Goth.
1357 798 1398 833 in
1419 799 1536 834 nostri
1561 805 1597 843 4,

299 855 334 881 ι,
357 849 405 885 47
429 843 489 878 dat
509 858 617 891 quam
641 859 711 893 pro
735 860 806 894 qua
828 849 911 891 (tac.
931 849 1070 896 Germ),
1103 851 1171 886 ubi
1189 853 1315 888 eadem
1333 853 1533 894 antecedit,
1558 854 1603 890 ut

294 893 362 932 hic
385 911 550 946 quoque.
1389 898 1391 901 .

384 973 469 1009 149.
501 966 688 1015 aliquanto
702 965 827 1028 suprq.
847 969 974 1005 Turio.
996 970 1096 1007 Flor.
1122 973 1245 1021 aliquo
1268 975 1375 1010 ultra.
1389 973 1512 1010 Guelf.
1529 975 1599 1011 ali-

293 1032 363 1070 quo
377 1018 498 1068 super.
542 1023 636 1056 Mox
660 1037 766 1056 unam
787 1036 856 1070 pro
880 1026 987 1059 imam
1008 1027 1122 1063 Goth.
1149 1031 1234 1071 (tac.
1256 1030 1384 1076 Gesn.)
1404 1030 1455 1073 pf.
1473 1027 1594 1065 Bentl.

292 1075 339 1109 ad
370 1076 463 1110 Hor.
491 1076 535 1110 ad
567 1077 633 1111 Pis.
662 1086 724 1119 32.
755 1091 799 1111 ne
816 1075 1025 1125 strangulet
1054 1083 1151 1118 Voss.
1177 1092 1212 1126 3.
1245 1097 1307 1118 nec
1322 1082 1491 1132 stragula
1519 1084 1598 1118 Tu·

290 1130 362 1164 ric.
399 1130 497 1164 flor.
542 1128 590 1175 eft
618 1131 686 1180 sed
719 1141 755 1166 et
791 1133 920 1167 Ambr.
950 1145 985 1169 2.
1028 1137 1124 1183 (qui
1164 1147 1287 1173 tamen
1316 1137 1364 1186 est
1393 1153 1414 1173 a
1449 1139 1516 1174 sec·
1545 1150 1599 1175 m.

289 1182 432 1220 habere
462 1186 630 1233 dicitur)
660 1186 784 1222 Guelf.
816 1198 850 1222 et
870 1186 954 1235 eſj'et
976 1190 1076 1225 Voff.
1103 1203 1136 1228 ι.
1156 1201 1192 1234 5.
1221 1196 1448 1229 continentur
1471 1192 1596 1229 Guelf.

289 1240 491 1274 iniciendus
514 1242 642 1276 Ambr.
674 1252 708 1277 2.
739 1243 867 1290 Camp.
897 1244 1090 1286 injiciendo
1121 1247 1246 1282 Guelf.
1279 1257 1473 1282 extremum
1495 1238 1600 1295 oram

291 1293 423 1330 Turio.
452 1295 551 1329 Flor.
585 1310 707 1344 neque
736 1296 851 1332 latere
883 1296 1051 1346 aliquid,
1086 1313 1210 1350 neque
1230 1301 1310 1338 solo
1332 1302 1416 1338 casu
1435 1312 1603 1340 erratum

290 1347 417 1384 dicere
441 1351 572 1386 aufim.

289 1471 377 1506 dem
399 1472 557 1520 proprie
591 1473 751 1513 dicitur,
781 1486 918 1510 cavum

286 1525 389 1561 illud
417 1525 622 1574 appellari,
674 1528 779 1573 qnod
819 1530 917 1564 infra

285 1592 401 1627 :rugas
423 1581 463 1614 in
484 1592 636 1627 pectore
660 1593 845 1618 tumentes
871 1597 917 1619 ex

287 1635 526 1682 capacissimo
569 1637 790 1672 vestimento
822 1638 916 1673 inte-

284 1691 367 1725 rius
388 1691 543 1738 corpori
561 1690 779 1738 applicatur,
796 1692 916 1740 vulgo

287 1755 328 1780 et
358 1745 435 1779 sine
467 1747 721 1781 controversia
751 1748 917 1794 agnosci-

286 1809 363 1835 tur.
434 1800 508 1836 Cui
544 1801 686 1836 rationi
719 1803 917 1848 quomodo

289 1866 486 1903 congruat,
519 1866 558 1890 ut
590 1869 757 1902 unquam
779 1857 844 1891 hic
872 1858 917 1891 si-

286 1921 361 1944 nus
387 1910 428 1945 in
449 1911 525 1944 ima
552 1921 637 1958 toga
666 1911 833 1951 haeserit,
855 1925 917 1947 ne-

288 1964 382 1999 dum
413 1975 455 2000 ut
485 1965 689 2012 aliquando
724 1967 787 2001 vel
820 1968 918 2002 infra

289 2032 370 2055 eam
401 2021 652 2061 descenderit,
680 2034 918 2070 nequaquam

287 2076 568 2110 comminiscor.
622 2077 816 2112 Ferrarius
838 2078 918 2112 sane

284 2129 328 2166 in
362 2131 502 2166 summa
534 2130 598 2165 illa
629 2141 802 2178 togarum
826 2132 918 2166 laxi-

285 2195 363 2220 tate
413 2186 512 2220 sinus
562 2187 723 2233 potuiffe
763 2186 919 2234 longius

286 2237 406 2276 fluere
430 2241 636 2287 signifieat,
665 2241 768 2276 hunc
794 2243 918 2290 ipsum

286 2305 448 2331 tractans
466 2295 580 2331 nostri
594 2295 743 2336 locum;
774 2308 815 2332 ut
825 2295 919 2331 [acci

286 2349 398 2384 instar
412 2351 508 2385 infra
521 2361 729 2386 extremam
741 2350 918 2386 laciniam

284 2404 501 2453 pendulum
523 2406 645 2440 sinum
674 2407 743 2441 [ibi
769 2407 918 2453 finxisse

286 2459 487 2500 videatur,
527 2461 631 2507 quod
669 2461 805 2497 Fabius
841 2472 919 2496 tan—

287 2526 405 2561 quam
437 2514 595 2552 mollius
627 2516 918 2564 improbaverit.

287 2569 425 2604 Graev.
449 2570 556 2605 Thes.
571 2570 656 2608 Vol.
672 2571 707 2606 6.
721 2584 759 2619 p.
773 2571 862 2618 694.
877 2572 918 2606 C.

286 2622 408 2660 ,Aldus
437 2637 557 2672 nepos
590 2626 725 2661 affatos
757 2627 822 2662 vel
853 2639 916 2674 ap-

286 2679 420 2724 pensos
450 2680 549 2714 sinus
579 2681 708 2716 animo
736 2681 917 2728 concipit,

288 2731 438 2770 nemini
469 2735 547 2780 jam
593 2736 694 2773 suam
732 2737 921 2774 rationem

972 1477 1224 1526 probaturum
1245 1491 1458 1526 quanquam
1471 1488 1508 1514 et
1522 1477 1599 1512 hoc

972 1534 1090 1566 modo
1107 1533 1276 1580 intelligi
1288 1544 1400 1580 queat
1410 1533 1510 1570 [inus
1520 1533 1599 1566 ima

973 1597 1060 1633 toga
1085 1587 1256 1623 inferior.
1281 1588 1334 1624 ib.
1348 1601 1385 1636 p.
1409 1594 1525 1633 ¹¹98·
1547 1588 1594 1622 A.

972 1643 1051 1675 Hac
1072 1642 1104 1675 se
1127 1642 1351 1678 difficultate
1371 1642 1494 1690 premi
1519 1643 1597 1677 [en-

974 1697 1069 1731 tiens
1092 1697 1286 1736 Gestoerus,
1305 1697 1346 1732 in
1356 1697 1598 1744 reliquorum

973 1750 1222 1797 interpretum
1236 1751 1421 1787 leviffimo
1438 1751 1600 1790 mentio,

976 1805 1097 1840 sinum
1112 1805 1175 1839 hic
1187 1815 1295 1853 togae
1305 1805 1600 1853 intelligendum

972 1860 1147 1906 negavit,
1187 1872 1223 1896 et
1257 1863 1399 1896 tunicae
1434 1859 1602 1907 aliquem

965 1913 1086 1963 sinum
1133 1916 1408 1963 agnoscendum
1453 1915 1599 1953 statuit,

975 1983 1088 2017 quem
1110 1971 1297 2018 significet
1314 1971 1458 2010 noften
1480 1979 1516 2004 et
1530 1968 1601 2016 qui

975 2025 1138 2061 Caesaris
1175 2039 1327 2074 quoque
1366 2025 1497 2071 fuerit
1519 2035 1601 2059 mo·

973 2081 1118 2120 rientis,
1150 2082 1332 2128 prodente
1359 2079 1542 2115 Suetonio
1568 2090 1600 2112 c.

976 2142 1039 2179 82.
1074 2136 1187 2181 Quod
1206 2136 1417 2171 remedium
1438 2144 1480 2170 ut
1500 2133 1600 2182 pori-

975 2189 1145 2225 culorum
1174 2192 1226 2226 ita
1245 2191 1290 2229 ab
1309 2191 1384 2225 hoe
1403 2187 1600 2224 loco.·alie·

974 2257 1066 2279 num
1096 2246 1290 2286 existimo,
1334 2257 1422 2280 cum
1451 2244 1601 2279 tunicae

973 2301 1050 2345 jam
1091 2300 1218 2336 habita
1261 2299 1453 2336 mentione
1498 2308 1600 2334 totus

974 2367 1074 2390 nunc
1087 2355 1128 2390 in
1148 2363 1259 2404 eo'mp
1265 2354 1409 2391 onenda
1419 2363 1508 2405 togg
1517 2364 1602 2387 ver·

974 2410 1072 2444 [etur
1100 2410 1271 2459 scriptor.
1340 2408 1399 2445 Ad
1435 2407 1602 2455 aliquam

973 2465 1095 2512 igitur
1134 2465 1384 2501 mutationem
1398 2469 1403 2476 “
1417 2461 1578 2497 devenio
1589 2483 1602 2498 2

976 2532 1089 2567 quam
1120 2522 1191 2556 nisi
1224 2518 1459 2555 neceffariam
1490 2516 1601 2550 duce·

974 2587 1068 2623 rem,
1088 2588 1135 2611 ne
1150 2575 1268 2611 verbo
1289 2571 1445 2622 quidem
1456 2570 1600 2606 indico>

975 2633 1077 2666 rem:
1138 2631 1293 2664 tunicam.
1337 2626 1601 2675 reponendum

977 2686 1104 2720 censeo
1132 2696 1202 2732 pro
1228 2692 1363 2730 togam.
1420 2683 1466 2716 In
1495 2679 1600 2728 geni-

976 2739 1050 2777 bus
1073 2739 1198 2775 finum
1227 2739 1392 2775 definere
1420 2734 1508 2772 vuit
1535 2734 1601 2778 Ea·
