1676 3028
353 257 519 306 INST.
555 258 832 305 ORATOR.
863 259 985 307 LIB.
1019 259 1104 315 XI,
1141 264 1190 315 3.'
1341 272 1435 317 585

103 396 204 444 tus,
238 383 361 434 sunt
391 393 442 432 et
485 383 858 442 verecundiae,
894 393 946 432 et
968 383 1342 444 dubitationis,
1385 397 1436 434 et

104 461 483 519 admirationis,
515 470 566 508 et
588 460 965 526 indignationis
985 462 1100 511 noti
1121 473 1172 510 et
1198 480 1437 512 commu-

99 555 193 589 nes
223 537 487 588 omnibus.
576 538 700 587 Solo
733 548 907 586 tamen
938 555 1001 586 eo
1033 537 1202 588 facere
1230 539 1437 604 gestum

100 613 293 664 scenici
315 631 532 679 quoque
559 613 800 665 doctores
823 614 1072 664 vitiosum
1092 626 1435 682 putaverunt.

102 692 275 741 Etiam
317 690 568 756 frequens
609 696 719 753 ejus
748 702 910 741 nutus
952 709 1063 741 non
1103 704 1240 742 caret
1273 695 1433 756 vitio:
1485 701 1494 705 “

103 767 235 816 adeo
265 771 453 829 jactare
481 768 563 826 id,
603 779 654 816 et
675 786 846 818 comas
871 770 1221 835 excutientem
1246 781 1434 830 rotare,

101 843 388 895 fanaticum
433 843 519 893 est.
617 847 939 894 Dominatur
985 856 1161 895 autem
1209 849 1434 896 maxime
1458 862 1515 898 72*

101 922 298 971 vultus.
399 925 513 970 Hoc
549 919 839 987 supplices,
890 922 995 971 hoc
1030 924 1283 982 minaces,
1331 925 1437 974 1100

97 997 294 1054 blandi,
333 996 436 1046 hoc
469 995 689 1055 tristes„
712 999 815 1047 hoc
851 998 1069 1066 hilares,
1115 1000 1219 1048 1100
1257 1003 1435 1061 erecti,

93 1073 199 1129 hoc
233 1071 480 1128 [ummiffi
509 1071 708 1123 sumus.
769 1075 872 1124 hoc
906 1074 1141 1140 pendent
1172 1076 1434 1138 homines,

94 1240 224 1266 errore
243 1224 398 1276 ὅτι-[ἕκτη.
426 1242 559 1265 nomen
576 1230 708 1266 Turio.
732 1229 836 1266 Flor.
857 1229 1028 1268 inserunt
1048 1232 1151 1268 inter
1170 1242 1277 1268 nutus
1299 1245 1336 1270 et
1357 1248 1434 1271 non

93 1298 181 1321 cum
211 1284 330 1325 Alm„
361 1285 438 1333 hoc
463 1286 620 1334 quidem
650 1300 719 1334 per
753 1287 1039 1335 compendium.
1081 1289 1164 1324 ideo
1194 1288 1312 1326 Goth.
1342 1305 1435 1326 cum

91 1340 198 1380 Voff.
221 1349 258 1376 2.
283 1341 322 1375 id
342 1355 534 1391 comasque
556 1351 592 1378 et
614 1345 877 1378 concutientem
899 1358 926 1376 r.
943 1343 1307 1392 phreneticum'Obr.
1325 1347 1435 1394 quod.

95 1397 321 1446 reponendo
350 1397 451 1432 infra
482 1398 515 1432 se
544 1398 736 1434 descendit
762 1399 824 1434 vir
854 1399 1112 1440 doctiffimus,
1153 1414 1366 1450 quanquam
1395 1413 1436 1440 et

96 1462 234 1489 com-ut.
256 1447 336 1502 pro*
351 1462 465 1489 excat.
489 1455 601 1490 Bern.
626 1467 794 1503 quoque.
814 1455 1042 1502 planaticum
1055 1455 1182 1492 Guelf.
1204 1457 1319 1492 Goth.
1334 1459 1436 1497 Jenf.

95 1511 184 1555 (tac.
214 1509 344 1557 Gesn.)
375 1522 464 1545 cum
495 1510 580 1545 edd.
610 1510 768 1559 posterr.
795 1521 880 1547 ante
898 1509 1044 1547 Rollin.
1080 1512 1319 1550 vetustiores
1337 1513 1435 1551 libri

92 1576 236 1611 rectam
262 1565 490 1615 scripturam
517 1565 619 1602 dant,

167 1654 244 1691 ⁷72.
277 1645 512 1681 Dominatur.
553 1644 686 1683 Turic.
726 1643 952 1682 dominator.
999 1645 1104 1682 Flor.
1137 1648 1428 1688 dominatorum.

89 1695 227 1738 Floril.
251 1705 402 1738 Santen.
427 1701 584 1748 subjicit
605 1701 667 1736 his
692 1702 728 1735 in
750 1701 903 1736 dicendo
927 1701 1003 1749 pro'
1027 1712 1160 1743 autem,
1183 1714 1226 1738 ut
1247 1705 1432 1743 sententia.

91 1757 322 1794 absolvatur.
498 1758 565 1792 hoc
576 1757 704 1791 blandi
714 1756 965 1806 —ficmnzssi.
996 1759 1159 1795 Omittit
1180 1758 1274 1795 haec
1297 1763 1430 1799 omnia

91 1806 303 1862 Guelf.p1·o
316 1812 523 1850 noviffimo
542 1825 691 1861 ponens
705 1811 808 1861 mrſji.
841 1814 974 1849 Turic.
986 1814 1090 1849 Flor.
1106 1815 1173 1849 hoc
1183 1816 1282 1851 recti.
1300 1818 1346 1852 cf.
1363 1832 1379 1851 1
1394 1832 1432 1861 1,

97 1885 135 1912 1,
151 1869 213 1906 16.
234 1869 304 1905 ubi
317 1882 395 1904 non
412 1868 606 1916 praecedit
617 1869 659 1904 C.
690 1870 748 1903 An
763 1869 814 1903 ita
837 1867 965 1903 voluit
977 1870 1049 1916 Qu.
1065 1868 1084 1904 ’ἓ
1118 1881 1161 1905 ut
1183 1881 1296 1906 rectus
1317 1872 1430 1910 homo

94 1927 185 1963 effe:
205 1926 269 1962 cui
290 1926 378 1960 recti
399 1925 505 1962 oculi,
537 1925 583 1960 de
607 1924 749 1973 quibus
771 1923 896 1959 Bentl.
917 1924 964 1959 ad
983 1926 1079 1961 Hor.
1104 1927 1229 1961 Cal-m.
1254 1942 1285 1967 1,
1308 1937 1345 1971 5,
1365 1937 1433 1974 13.

91 1984 198 2020 Infra
231 1982 263 2027 §.
285 1988 350 2026 82.
380 1990 534 2016 erectam
561 1994 634 2029 pro
664 1989 796 2016 rectam
822 1981 919 2018 Jens.
943 1994 1029 2015 eum
1055 1982 1139 2016 edd.
1162 1982 1318 2030 posterr.
1341 1996 1430 2021 anto

90 2039 204 2076 Bam.
236 2040 336 2074 Mox
355 2036 488 2073 Floril.
513 2039 667 2073 Santen.
688 2036 775 2071 haec
797 2045 820 2072 t.
846 2036 934 2070 haec
953 2037 1102 2085 hylares
1121 2039 1208 2073 haec
1232 2052 1261 2074 e.
1288 2040 1374 2075 haec
1388 2040 1430 2090 s,

92 2095 263 2146 proferre
291 2093 472 2128 debemus.
511 2093 558 2128 ab
586 2093 655 2128 hoc
683 2093 847 2140 pendent
876 2093 1042 2128 homines
1063 2094 1130 2129 hoc
1151 2096 1336 2130 intuentur
1357 2097 1428 2133 hoa

84 2152 258 2203 spectant
287 2152 398 2185 etiam
434 2158 630 2199 antequam
651 2147 773 2196 sermo
802 2146 1015 2195 proferatur
1043 2150 1100 2184 hic
1128 2148 1178 2198 est
1199 2149 1233 2198 s.
1265 2166 1301 2198 p.
1334 2167 1367 2188 0.
1389 2168 1427 2190 υ.

91 2210 190 2245 mira
211 2207 388 2246 mutandi
410 2216 448 2242 et
477 2205 659 2242 turbandi
684 2204 858 2240 libidine.
919 2205 964 2240 Id
982 2204 1112 2242 saltem
1133 2220 1213 2242 11011
1236 2207 1288 2242 ita
1310 2208 1428 2252 male,

147 2355 215 2389 71.
241 2341 452 2392 fanaticum
471 2339 532 2390 est.
565 2342 671 2390 Quid
686 2342 732 2378 sit
787 2341 958 2388 guirzeum
974 2340 1122 2388 populis
1141 2343 1343 2378 cecinemnt
1362 2346 1428 2379 tri-

81 2399 308 2450 fanaticum,
331 2399 477 2435 Lexica
492 2400 637 2447 optime
662 2399 731 2434 do·
779 2394 858 2444 stia
881 2396 996 2435 Galli,
1013 2398 1104 2431 item
1125 2397 1284 2444 Ulpiani
1303 2397 1425 2449 (Dig.

89 2468 194 2501 qent,
236 2469 307 2492 nec
342 2468 438 2504 opus
477 2455 730 2491 demonstrare
787 2453 894 2488 XXI.
922 2452 979 2487 tit.
1010 2466 1042 2486 1.
1077 2453 1122 2488 de
1150 2453 1275 2489 Aedil.
1295 2455 1366 2490 Ed.
1392 2454 1423 2492 l.

89 2511 174 2549 loca
212 2511 382 2562 plurima
419 2523 617 2553 veterum,
660 2510 731 2547 ubi
794 2523 827 2544 1.
879 2508 910 2551 ᾗ.
947 2510 1035 2556 9.):
1085 2508 1184 2557 apud
1225 2511 1424 2548 Vivianum

90 2568 227 2605 divino
254 2568 427 2604 xnumine
459 2567 730 2603 instinctorum
788 2567 984 2614 quaeritur,
1005 2562 1043 2613 si
1057 2563 1183 2613 servus
1209 2566 1424 2614 inter-fana-

35 2653 38 2658 .
90 2623 176 2660 talia
191 2623 344 2663 habitus
359 2625 610 2673 proponitur,
634 2636 730 2672 quo-
787 2623 880 2656 ticos
910 2633 986 2656 non
1005 2620 1152 2669 semper
1179 2631 1287 2669 caput
1301 2624 1427 2668 jacca·

90 2692 180 2716 111111
207 2681 362 2722 Badius,
387 2679 582 2715 indicante
606 2678 726 2719 Valla,
786 2687 915 2712 ret-—.
946 2678 1188 2713 Burmannus
1202 2678 1243 2712 ad
1260 2678 1425 2716 Florum

89 2735 176 2771 fatis
205 2747 335 2784 aptum
357 2737 486 2785 posuit
515 2737 666 2773 Lucani
692 2749 726 2774 1,
783 2733 960 2775 remittit,
992 2733 1064 2769 ubi
1093 2733 1185 2770 vide
1214 2733 1423 2772 Dukerum

90 2790 191 2837 566:
222 2793 420 2842 crinemque
447 2800 610 2830 rotantes
634 2793 726 2828 San-
783 2798 821 2836 ¹5,
850 2802 912 2839 19,
935 2795 971 2835 4·
1292 2798 1295 2801 ’

149 2870 253 2908 Tom.
282 2872 303 2906 Ι
308 2870 354 2909 V.
963 2869 994 2905 B
1007 2869 1032 2906 b
