1676 3028
374 191 538 238 INST.
585 192 863 248 ORATOR,
909 191 1030 235 LIB.
1075 190 1146 244 X,
1192 200 1240 247 4.
1378 188 1479 244 -165

124 322 375 376 intentos,
416 319 479 367 ab
516 319 615 366 alia
639 316 953 366 inventione
986 315 1285 365 declinant:
1325 314 1477 365 ideo-

125 413 230 462 que
254 397 454 463 optime
474 394 596 444 sunt
616 396 673 443 in
696 392 948 460 deposito.

238 552 319 598 IV.
374 550 626 613 Sequitur
656 542 966 604 emendatio,
1018 563 1144 612 pars¹
1169 545 1474 595 studiorum

124 627 286 692 longe
312 625 584 676 utiliffima.
661 627 856 689 Neque
886 626 1030 676 enim
1054 622 1165 671 fine
1192 621 1340 671 causa
1363 639 1473 670 cre-

125 703 298 752 ditum
318 701 406 760 est,
437 701 614 751 stilum
637 719 748 751 non
768 703 948 750 minus
969 717 1136 766 agere,
1166 717 1289 748 cum
1314 698 1470 747 delet.

125 782 300 841 Hujus
334 789 509 829 autem
549 780 726 844 operis
762 777 860 835 est,
899 777 1145 841 adjicere,
1184 775 1472 833 detrahere,

123 867 338 906 mutare.
388 874 391 878 ·
457 856 559 904 Sed
594 855 804 904 facilius
850 856 908 903 in
955 855 1021 904 iis
1068 853 1472 919 simpliciusque

121 932 402 996 judicium,
442 948 577 996 quae
599 931 852 997 replenda
876 932 964 980 vel
1000 930 1294 990 dejicienda
1317 928 1470 979 funt:

123 1025 361 1075 premere
401 1025 531 1057 vero
577 1009 860 1068 tumentia,
920 1008 1149 1056 humilia
1203 1007 1471 1063 extollere,

120 1086 442 1136 luxuriantia
492 1083 802 1150 astringere,
870 1084 1172 1134 inordinata
1215 1083 1472 1149 digerere,

71 1279 73 1281 -
124 1253 234 1302 quis,
285 1253 455 1300 exceptis
500 1252 627 1288 Guelf.
673 1252 792 1289 Goth.
829 1251 933 1290 Voss.
975 1266 1008 1289 1.
1043 1262 1078 1288 2.
1110 1260 1147 1295 3.
1188 1251 1286 1291 Jens.
1315 1260 1353 1286 et
1381 1251 1467 1286 edd.

123 1309 282 1358 postea-r.
306 1318 390 1344 ante
411 1307 522 1344 Bam.
555 1319 637 1344 tum
656 1309 806 1357 Gryph.
841 1310 1001 1352 (1544.)
1035 1307 1167 1356 steph.
1188 1305 1335 1342 Rollin.
1357 1306 1469 1358 Gesn.

125 1364 310 1408 (refertur
336 1374 373 1399 et
403 1364 531 1405 Alm.;
563 1365 609 1402 cf.
642 1368 675 1416 §.
702 1364 807 1413 26.),
839 1363 908 1414 qui
938 1376 1071 1400 omnes
1104 1353 1471 1402 tuenturferuditis-

123 1420 256 1455 simam
275 1420 515 1469 scripturam.
735 1421 739 1426 ’
1231 1416 1236 1424 ’
1270 1416 1297 1441 ’Ᾰ
1371 1420 1373 1422 ’

126 1558 128 1560 -
212 1546 245 1570 1.
276 1534 334 1569 iis.
387 1533 450 1569 Sic
484 1534 617 1569 Turic.
650 1532 768 1568 Goth.
803 1533 903 1571 Jens.
945 1532 1046 1579 (tac.
1082 1533 1219 1577 Gesn.)
1263 1546 1351 1569 cum
1385 1532 1472 1568 edd.

120 1589 279 1639 posterr.
317 1600 402 1626 ante
431 1589 544 1626 Bam.
579 1588 740 1637 Reliqui
767 1589 835 1624 his.
1087 1591 1306 1636 dejicienda.
1340 1588 1469 1625 Guelf.

122 1646 345 1690 adjicienda.
605 1644 817 1694 astringere.
878 1646 942 1682 Sic
975 1647 1107 1695 Camp.
1151 1659 1239 1681 cum
1271 1646 1473 1682 edd.<ante

121 1703 258 1739 Burm.
287 1705 387 1747 (exc.
417 1701 567 1751 Gryph.
602 1701 727 1749 Ron.)
756 1702 916 1752 Reliqui
948 1701 1182 1750 adstringere.
1226 1702 1341 1739 Solus
1373 1700 1473 1737 Obr.

115 1755 319 1807 stringere„
362 1757 487 1799 Male,
528 1758 576 1794 cf·
607 1769 650 1799 2,
689 1768 735 1798 2,
777 1768 814 1801 4.
865 1758 1044 1795 Alterum
1074 1759 1124 1794 est
1156 1758 1384 1800 brevitatis,
1430 1768 1474 1792 ut

128 1823 166 1857 4,
200 1828 234 1853 1,
271 1821 361 1858 128.
593 1814 808 1850 inordinata
839 1816 1016 1863 digerere.
1048 1816 1181 1850 Turio.
1212 1815 1318 1851 Flor.
1351 1813 1391 1862 (a
1412 1827 1471 1862 pr.

124 1870 261 1914 manu)
294 1871 482 1906 omittunt
527 1883 613 1907 cum
641 1869 742 1906 Alm.
775 1874 851 1907 Pro
885 1870 1006 1907 altero
1033 1870 1161 1906 Guelf.¹
1191 1872 1350 1919 dirigere
1383 1883 1474 1915 eum

126 1925 245 1962 Goth.
268 1927 372 1965 Voss'.
398 1937 434 1962 2.
458 1926 559 1965 Vall.
581 1925 674 1962 Bad.
701 1937 739 1962 et
758 1926 908 1976 aliquot
925 1929 1057 1963 Burm.
1081 1926 1214 1975 frustra
1246 1927 1475 1964 defendente

124 1981 261 2022 Badio,
293 1983 520 2020 Burmanno
543 1982 672 2019 saltem
701 1982 859 2022 ferente.
891 1984 950 2021 Cf.
979 1997 1021 2018 11
1039 2010 1050 2027 ,
1087 1997 1123 2026 1,
1156 1983 1192 2020 6.
1223 1985 1358 2021 Burm.
1388 1994 1474 2019 mo-

189 2125 224 2149 1.
263 2110 470 2162 stilum—
491 2115 602 2150 delet.
670 2115 772 2151 Cum

127 2167 351 2210 „luxuriem
400 2169 508 2205 illam
523 2197 534 2211 ,
594 2182 690 2219 quae
729 2172 774 2206 in

127 2218 299 2266 asumma
336 2225 509 2262 ubertate
546 2226 662 2266 inest,
711 2226 775 2261 de-

128 2280 361 2329 „pascitur.“
386 2282 484 2326 (Cic.
499 2282 544 2317 de
557 2281 625 2319 Or,
641 2284 677 2323 2,
691 2283 774 2326 25.)

129 2337 268 2372 Fateor
294 2349 436 2378 autem,
469 2350 542 2387 pro
571 2337 643 2374 illo
670 2337 777 2387 quod

127 2392 249 2428 modo
276 2394 326 2429 est
360 2394 534 2430 creditum
563 2393 678 2429 malle
709 2407 772 2429 me

131 2448 319 2485 traditum.
342 2449 388 2485 cf.
407 2463 442 2490 1,
469 2463 532 2491 ιο,
551 2459 612 2493 17.
644 2451 772 2497 Quan-

126 2514 257 2553 quam*
285 2515 448 2554 utraque
487 2506 672 2555 scriptura
704 2506 773 2541 ali-

129 2559 238 2608 qt‘nod
262 2560 415 2598 *dictuin
444 2561 511 2598 vel
529 2574 775 2611 praeceptum

129 2629 151 2650 a
170 2616 368 2654 veteribus
398 2619 609 2654 memoriae
642 2619 776 2667 prodi-

124 2681 211 2708 tum
232 2673 416 2710 defracta
427 2687 438 2715 ς
451 2675 574 2726 “quod
596 2675 778 2723 equidem

125 2726 388 2765 demonstrare
398 2742 488 2766 -non
507 2731 683 2781 postam.

886 2116 1062 2164 replenda
1074 2133 1127 2142 —
1139 2114 1359 2159 dejicienda.
1399 2116 1478 2150 Ex·

833 2172 1012 2220 quifitius
1053 2172 1201 2207 variata
1249 2171 1367 2207 verba
1404 2183 1478 2220 pro

833 2228 1043 2272 adjiciendo
1073 2238 1110 2262 et
1147 2227 1386 2263 detrahendo.
1426 2227 1478 2261 ll-

832 2283 911 2318 lius
934 2283 1138 2319 commoda
1158 2284 1200 2318 in
1212 2284 1370 2319 Lexicis
1390 2283 1479 2319 affe-

833 2349 975 2375 runtur
1019 2339 1193 2388 exempla
1232 2339 1377 2388 Digest.
1414 2346 1478 2382 42,

836 2409 870 2436 1,
886 2405 922 2438 4.
951 2395 1062 2444 „lege
1087 2397 1248 2444 repletur
1269 2397 1375 2444 quod
1398 2396 1477 2430 sen·

832 2452 1001 2493 „tentiae
1027 2449 1151 2500 ἆορ-[Ν
1181 2463 1218 2488 et
1240 2451 1360 2488 Ovid.
1382 2453 1477 2486 Her.

837 2520 886 2543 ιο
909 2534 920 2549 ,
981 2517 1047 2552 57.
1112 2529 1201 2548 ‚‚--
1230 2509 1338 2557 quod
1386 2507 1480 2543 voci

833 2564 990 2605 „deerat
1026 2563 1211 2613 plangore
1253 2564 1479 2613 replebam“.

808 2641 813 2646 ι
833 2621 985 2666 Hujus,
1013 2621 1173 2657 rarioris
1207 2621 1318 2656 item.
1335 2619 1479 2667 signifi-

836 2687 953 2718 catus,
976 2678 1215 2713 mentionem
1232 2677 1482 2714 habetErne-

835 2718 914 2768 stus'
938 2733 980 2769 in
1001 2732 1118 2770 Clave
1139 2734 1222 2772 cic.
