1676 3028
355 203 520 250 INST.
556 202 836 250 ORATOR.
871 202 993 248 LIB.
1029 201 1140 258 XII,
1181 214 1225 247 1.
1274 194 1279 199 ’
1360 210 1460 260 437

106 327 548 387 ducantcz'tausa,
591 327 842 395 spectabit
871 329 950 379 id
962 326 1166 386 solum,
1205 326 1272 377 ad
1304 329 1454 394 quod

49 432 74 465 2
112 409 418 478 accingitur.
499 405 719 475 Quodsi
739 422 989 472 agrorum
1018 406 1183 454 nimia
1212 423 1360 464 cura,
1399 419 1452 457 et
1477 420 1504 456 6

21 484 389 550 ²046follicitior
416 485 495 532 rei
517 482 791 534 familiaris
815 483 1106 550 diligentia,
1137 493 1190 532 et
1215 484 1452 533 venandi

108 563 386 630 voluptas,
425 571 478 609 et
519 560 626 610 dati
662 559 972 627 spectaculis
1017 559 1155 618 dies,
1213 561 1450 610 multum

105 638 295 690 studiis
316 637 590 689 auferunt:
617 638 771 703 (huic
798 640 942 688 enim
966 638 1045 686 rei
1066 638 1204 703 perit
1223 648 1449 703 tempus,

106 716 475 783 quodcunque
495 716 642 763 alteri
665 715 841 781 datur)
856 714 988 782 quid
1009 725 1260 780 putamus
1280 714 1449 764 factu-

105 811 188 844 ras
215 791 586 859 cupiditatem,
636 795 933 857 avaritiam,
978 791 1276 840 invidiam?
1319 809 1449 857 qua-

105 887 231 921 rum
261 868 714 936 impotentissimae
751 871 1095 936 cogitationes
1126 867 1340 919 somnos
1371 865 1447 918 et}

103 948 214 996 iam
239 957 290 995 et
310 946 403 995 ina
426 962 522 1012 per
548 947 784 1009 quietem
808 946 917 996 visa
939 946 1266 1015 perturbant.
1345 947 1448 995 Ni-
1476 960 1500 995 7

68 1034 78 1040 ‘
99 1023 183 1075 hil
201 1022 275 1073 est
297 1023 442 1072 enim
461 1033 570 1072 tam
589 1035 926 1090 occupatum,
965 1035 1069 1073 tam
1095 1022 1448 1082 multiforme,

103 1202 154 1237 ris
183 1201 316 1239 Turio.
346 1201 452 1238 Flor.
485 1209 662 1252 oporteat
691 1201 824 1240 Turio.
855 1202 959 1240 Flor.
991 1204 1126 1254 camp.
1161 1215 1250 1239 cum
1274 1201 1375 1238 Alm.
1405 1212 1451 1238 ut

108 1257 288 1307 suspicor.
318 1258 434 1297 male.

194 1334 233 1372 6.
262 1350 483 1385 agrocorum
511 1352 547 1373 n.
582 1352 642 1373 cur
671 1338 798 1373 tuendi
829 1348 864 1374 et
879 1338 1073 1388 sollitiora
1091 1337 1343 1374 Turio-Flora
1368 1336 1455 1382 (hic

99 1392 329 1443 solliciota).
366 1407 560 1444 corporum
588 1408 661 1443 pro
693 1408 869 1442 agrorum
898 1395 985 1431 Ald.
1015 1409 1104 1431 cum
1135 1395 1220 1431 edd.
1250 1395 1345 1444 post.
1367 1403 1454 1428 ante

106 1450 232 1486 Stoer.
266 1449 314 1485 de
347 1450 571 1496 conjectura
599 1451 715 1499 Regii
743 1450 826 1487 levi
855 1451 924 1486 illa
952 1462 990 1487 et
1019 1451 1309 1499 intemperanti,
1337 1461 1455 1498 quam

104 1514 236 1541 tamen
263 1503 422 1541 reduxit
452 1505 556 1542 Gibs.
589 1516 626 1541 et
653 1508 816 1542 venandi
845 1520 923 1544 om.
954 1508 1087 1543 Tul-ic.
1110 1506 1214 1542 Flor.
1235 1519 1324 1542 cum
1345 1504 1449 1541 Alm.

107 1571 146 1598 et
173 1559 290 1598 latere
319 1561 480 1597 videtur
508 1563 550 1597 iu
583 1561 656 1598 illo
687 1562 795 1610 quod
825 1563 1131 1611 praesumserunt
1161 1563 1298 1598 tuendi,
1350 1563 1451 1597 Ante

105 1618 270 1654 venandi
297 1623 374 1655 o'm.
409 1627 445 1654 et
471 1617 599 1655 Guelf.
634 1618 752 1655 Goth.
784 1621 884 1658 Jens.
917 1622 1006 1663 (tac.
1027 1620 1160 1663 Gesn.)
1192 1621 1326 1667 Camp.
1360 1618 1454 1666 (qui

107 1671 471 1724 transponit‘etiam
504 1675 579 1711 vol.
603 1677 719 1719 vem),
750 1689 839 1710 cum
869 1677 975 1714 Voff.
1011 1686 1049 1711 2.
1078 1686 1116 1712 et
1147 1676 1233 1712 edd.
1268 1687 1354 1712 ante
1379 1676 1452 1710 Ba-

107 1730 168 1766 fil.
196 1742 269 1766 nec
300 1730 502 1779 displicet,
544 1732 574 1766 fi
607 1732 713 1777 paria
753 1732 992 1780 accipiantur
1023 1733 1102 1768 duo
1134 1733 1454 1781 occupationum,

109 1786 256 1836 quibus
287 1785 447 1834 singulis
473 1786 734 1832 interjiciatur
769 1786 922 1836 copula.
968 1801 1121 1836 quorum
1153 1786 1453 1837 impotentiſj‘ime

109 1842 246 1880 Turio.
265 1841 418 1891 somnus
445 1842 581 1878 Turio.
614 1841 720 1877 Flor.
1006 1846 1119 1879 ctiam
1151 1853 1198 1879 et.
1230 1844 1294 1880 Sic
1315 1843 1450 1879 Turio,

108 1898 215 1935 Flor.
250 1901 382 1946 Camp.
417 1911 507 1934 cum
537 1898 642 1935 Alm.
703 1900 879 1936 luserunt
922 1899 1019 1950 ipsos
1047 1900 1207 1950 reliqui.
1238 1899 1456 1950 perturbent

109 1955 246 1992 Ambr.
278 1965 316 1992 2.
346 1954 475 1992 Guelf.
505 1968 594 1991 cum
624 1956 724 1995 sens.
754 1957 870 1993 Tarv.

198 2043 235 2076 ¹7.
268 2034 374 2069 Nihil
404 2036 500 2069 enim
529 2031 580 2082 eft
611 2034 743 2083 Camp.
778 2044 856 2070 tam
886 2049 963 2072 om.
999 2035 1118 2072 Goth.
1152 2036 1352 2071 cele>·atnm
1381 2034 1463 2069 Tu-

114 2090 194 2127 πὶιτ.ἶ
225 2089 330 2125 Flor.
373 2104 473 2125 mens
505 2091 605 2126 mala
639 2090 776 2127 Floril.
809 2094 911 2128 sant.
955 2106 1037 2129 non
1067 2092 1260 2142 displicet.
1284 2090 1465 2140 spec-ariis

114 2147 248 2184 Turio.»
291 2157 385 2195 prae
421 2149 516 2182 curis
553 2146 681 2183 Guelf.
722 2161 811 2183 cum
850 2149 970 2185 Goth.
1010 2148 1113 2187 Voff.
1148 2159 1186 2184 2.
1218 2148 1318 2187 Jens.
1345 2148 1464 2183 Tarv.

114 2203 245 2240 labore
287 2215 364 2238 om.
405 2204 537 2239 Turic.
579 2203 685 2240 mor.
727 2217 817 2241 cum
856 2205 964 2242 Alm.
1003 2207 1118 2242 etiam
1145 2219 1226 2242 cum
1255 2204 1390 2240 Ambr.
1426 2213 1466 2238 2.

172 2346 212 2383 6.
265 2348 378 2400 Quod
391 2348 429 2399 fi
448 2364 622 2398 agrorum
643 2353 759 2387 nimia
819 2352 1038 2402 quidquam
1063 2351 1158 2388 hinc
1185 2350 1305 2387 alieni
1331 2349 1463 2390 habet,

116 2419 204 2440 cura
224 2424 277 2432 -
298 2405 379 2440 dati
410 2405 631 2455 spectaculis
668 2408 759 2442 dies.
818 2410 861 2445 in
879 2422 958 2458 quo
973 2420 1100 2446 tamen
1120 2409 1252 2445 haeret
1276 2409 1464 2444 Burman·
1486 2406 1491 2421 ‘

118 2460 283 2510 Aliquid
302 2461 598 2505 similehiseex,
617 2475 676 2504 12,
697 2471 758 2508 ¹8·
820 2479 915 2505 nus,
963 2466 1072 2515 quod
1113 2467 1331 2514 impotentes
1371 2462 1463 2511 affe-

177 2518 429 2567 cupiditatem.
472 2520 519 2555 cf.
553 2528 592 2563 5,
629 2531 691 2559 12,
722 2520 759 2556 6.
822 2531 941 2557 ctuum
971 2524 1219 2570 cogitationes
1245 2520 1465 2570 perturbant,

122 2584 162 2611 ot
186 2586 283 2610 mox
308 2574 341 2620 §.
370 2581 436 2622 24.
468 2578 653 2625 cupiditas
686 2589 765 2611 cor·
814 2577 1012 2628 sonmiai.
1028 2589 1175 2614 terrore
1196 2590 1238 2613 ea
1251 2576 1463 2626 complent.

122 2627 279 2679 rumpat.
341 2633 442 2668 Mox
473 2634 541 2669 illa
570 2648 638 2681 per
667 2635 766 2683 quie·
822 2633 903 2684 visa
928 2634 1217 2670 nominativum
1250 2634 1472 2670 existimare

129 2693 200 2721 tem
217 2685 323 2735 visa
311 2701 338 2725 1.
361 2689 508 2726 somnia
537 2702 655 2725 nemo
685 2703 767 2726 non
825 2691 1000 2728 sustinuit
1021 2691 1181 2741 Capper.

128 2742 383 2782 accusativum
423 2747 634 2798 acceperit,
695 2759 769 2782 nec
