1676 3028
294 181 459 235 1NsT.
495 180 775 227 ORATOR.
812 180 932 226 Lm.
964 161 1066 234 Χῖ,
1115 192 1158 226 ι.
1299 191 1395 236 231

24 310 204 371 „brevi
271 295 594 359 detrimento
655 309 763 368 jam
833 305 1050 355 ultimae
1122 303 1402 356 senectutis

50 404 246 438 aevum
266 385 569 435 seculorum
596 384 839 434 omnium
864 381 1192 433 consecutus.
1218 385 1403 447 Itaque

51 464 299 532 quamvis
323 461 523 529 Lysias,
554 461 651 527 qui
675 470 789 509 tum
811 462 868 508 in
893 459 1122 509 dicendo
1141 459 1405 526 praestan-

50 541 267 592 tiffimus
290 540 607 595 habebatur,
646 535 1005 590 defensionem
1040 537 1124 586 ffli
1163 535 1402 603 scriptam

51 614 334 675 obtulisset,
369 618 451 665 uti
470 633 526 666 ea
556 616 760 666 noluit:
802 632 925 663 cum
947 614 1139 664 bonam
1164 614 1402 680 quidem,

55 693 148 744 sed
169 710 361 761 parum
386 692 487 742 fibi
512 693 934 749 convenientem,
957 690 1238 753 judicasset.
1279 695 1399 761 Quo

52 772 143 821 vel
175 769 290 821 solo
325 780 498 835 patet,
566 786 678 818 non
709 767 1090 835 persuadendi,
1148 768 1239 818 sed
1267 769 1403 818 bene

54 846 269 897 dicendi
308 845 478 895 finem
521 846 580 894 in
626 856 832 895 oratore
864 844 1213 904 servandum,
1280 863 1404 896 cum

54 925 270 975 interim
292 920 603 988 persuadere
629 921 869 972 deforme
887 921 965 972 sit.
1020 925 1153 972 Non
1171 921 1276 973 fuit
1299 923 1406 972 hoc

52 1000 188 1049 utile
211 997 562 1049 absolutioni:
604 997 709 1056 sed,
729 999 876 1064 quod
898 997 970 1047 est
990 1003 1174 1061 majus,
1193 1000 1408 1049 homini

46 1073 166 1126 fuit.
246 1078 313 1125 Et
354 1092 453 1125 nos
501 1074 791 1124 secundum
843 1093 1183 1125 communem
1221 1077 1404 1142 potius

46 1151 308 1218 loquendi
334 1151 794 1211 consuetudinem,
833 1169 994 1218 quam
1025 1151 1191 1219 ipsam
1213 1155 1406 1202 verita-

49 1231 116 1278 tis
155 1230 409 1295 regulam,
449 1228 712 1278 divisione
747 1230 844 1278 hac
881 1231 1101 1288 utimur,
1139 1242 1200 1280 ut
1238 1231 1301 1280 ab
1322 1248 1406 1289 eo,

52 1305 203 1371 quod
230 1305 425 1362 deceat,
462 1307 746 1354 utilitatem
775 1305 1085 1374 separemus.
1124 1306 1245 1356 Nifi
1265 1306 1405 1358 forte

50 1383 201 1448 prior
229 1383 321 1430 ille
342 1381 637 1441 Africanus,
678 1384 773 1449 qui
810 1385 980 1450 patria
1006 1384 1207 1442 cedere,
1243 1402 1406 1451 quam

135 1536 199 1560 ιι.
240 1526 304 1576 qui
331 1534 422 1561 tum.
472 1525 649 1561 luserunt
680 1540 771 1561 unus
799 1541 922 1576 marg.
951 1527 1064 1564 Basil.
1098 1540 1136 1565 et
1163 1529 1222 1566 ed.
1253 1529 1409 1579 Gryph-

49 1581 216 1629 (1536.)
237 1580 343 1629 quod
371 1581 568 1617 collaudat
586 1584 720 1619 Burm.
750 1584 826 1619 Sed
847 1586 1075 1621 auctoritate
1095 1596 1207 1622 earet.

137 1635 336 1687 obtulfflet.
375 1637 439 1674 Sic
462 1639 597 1674 Turic.
630 1639 734 1675 flor.
767 1640 852 1686 (hic
870 1654 940 1690 per
965 1647 1010 1690 p)
1046 1642 1181 1678 Ambr.
1206 1652 1242 1680 2.
1276 1641 1407 1679 Guelf.

52 1694 186 1743 Camp.
227 1706 316 1731 cum
359 1694 479 1730 Goth.
516 1695 623 1732 Voff.
658 1707 694 1733 2.
740 1707 777 1732 ct
814 1696 899 1732 edd.
940 1708 1025 1733 ante
1055 1699 1207 1748 Gryph.
1248 1699 1411 1748 Reliqui

53 1749 246 1800 attulfflet.
466 1765 546 1786 cum
567 1752 714 1788 bonam.
745 1753 849 1789 Flor.
873 1754 1005 1803 Camp.
1024 1755 1196 1792 inserunt
1218 1771 1298 1792 eam
1319 1769 1410 1792 cum

53 1804 143 1842 Ald.
173 1802 334 1842 Dicitur
356 1820 401 1843 ea
418 1807 584 1844 inserere
606 1808 709 1845 Alm.
733 1803 800 1861 (cf.
833 1813 866 1857 §.
891 1813 949 1855 ὃ.)
1151 1812 1411 1862 persuadendi.

56 1861 190 1898 Turic.
210 1860 514 1911 persuadendum.
739 1869 898 1905 interim.
930 1867 1065 1918 Camp.
1095 1870 1294 1904 interdum.

141 1917 379 1968 absolutioni.
410 1918 513 1955 Flor.
544 1920 792 1970 absolutione.

140 1985 204 2012 ια.
231 1973 288 2010 Et
318 1987 399 2011 nos.
430 1977 558 2014 Guelf.
587 1978 719 2014 Etiam
748 1993 784 2015 n.
819 1993 906 2016 cum
936 1982 1036 2019 Jens.
1067 1992 1104 2018 et
1132 1983 1218 2019 edd.
1246 1982 1407 2031 posterr-

53 2041 143 2068 ante
163 2029 251 2067 Ald.
283 2032 374 2078 (qui
399 2033 546 2069 omittit
564 2035 826 2082 particulam.)
857 2037 951 2073 Non
982 2037 1176 2087 displicet.

143 2100 266 2136 quam.
302 2087 436 2124 Turic.
468 2089 630 2126 omittit.
653 2091 771 2127 Goth.
802 2106 874 2140 pro
896 2108 1006 2143 quam
1032 2109 1110 2130 curn
1138 2096 1203 2132 dat
1221 2105 1411 2144 quantum.

107 2211 190 2256 iam
227 2208 391 2246 ultimae.
449 2210 535 2246 Nisi
583 2211 704 2248 abeffe
765 2214 1002 2251 confatione.
1034 2217 1081 2252 cf.
1108 2219 1212 2253 inter
1240 2217 1411 2266 plurima

53 2267 176 2316 prius,
198 2266 399 2313 transponi
421 2276 547 2302 tamen
567 2267 705 2307 velim.
769 2281 817 2317 9,
858 2279 905 2314 4,
952 2264 1040 2307 101}
1100 2274 1243 2310 Saltem
1287 2277 1410 2311 oratio

119 2336 134 2357 1
150 2336 183 2358 ι.
215 2334 290 2356 non
321 2321 568 2371 persuadendi
590 2343 643 2350 —
668 2326 707 2359 in
763 2327 888 2375 magis
909 2341 1024 2375 quam
1047 2339 1173 2366 orator
1198 2332 1345 2367 accedit
1363 2331 1411 2367 ad

58 2388 207 2415 oratore
222 2376 458 2426 servandum.
493 2381 708 2416 Conferen-
764 2381 865 2418 illud
914 2384 1108 2421 rhetorices
1158 2387 1411 2429 vocabulum.

54 2435 145 2486 'dnm
166 2435 237 2470 effe
256 2434 377 2470 nostri
402 2435 707 2484 disputationem
766 2451 844 2486 quo
875 2441 1034 2488 proprie
1072 2442 1275 2492 indigebat
1301 2443 1412 2481 loeus

56 2489 128 2527 lib.
162 2502 198 2527 2.
264 2503 342 2540 cap.
383 2499 446 2535 15.
528 2493 705 2529 certatim
762 2496 901 2533 noster.

58 2557 219 2583 monent
237 2548 323 2585 VV.
345 2547 438 2584 DD.
473 2549 554 2586 Vix
577 2559 705 2585 tamen
821 2553 909 2588 Non
930 2573 982 2580 —-
1004 2553 1252 2603 absolutioni.-
1270 2555 1410 2606 sed-—

57 2602 127 2639 hic
146 2604 343 2652 acquiesco
366 2604 409 2639 in
439 2614 600 2647 oratore,
633 2619 705 2654 pro
765 2609 919 2647 homini.
999 2612 1045 2645 In
1086 2612 1235 2649 homine
1291 2614 1339 2650 cf.
1373 2613 1413 2653 6.

64 2670 143 2706 quo
173 2660 439 2709 reponendum
468 2661 571 2696 mihi
598 2662 708 2698 vide·
767 2674 805 2710 5,
837 2671 904 2712 54.

66 2722 131 2750 tm·
174 2718 364 2759 oratione,
406 2717 710 2768 frequentiffima
831 2733 894 2759 12.
924 2722 1142 2771 Africanus,
1173 2729 1236 2776 qui
1275 2731 1415 2778 pat-ria.

1428 400 1475 426 1¹

1430 1092 1483 1123 ιι
