1676 3028
236 228 327 272 133
546 217 621 263 M.
650 218 780 264 FAB.
818 219 1226 279 QUINTlLIANI

189 355 212 393 4
232 340 393 390 reuda
425 340 556 390 sunt.
633 345 708 390 Eo
741 352 912 388 tamen
942 344 1206 406 pervenit,
1250 354 1312 392 ut
1342 346 1412 402 is,
1462 347 1548 396 cui

231 434 342 466 non
367 415 653 480 refragetur
675 417 966 479 ingenium,
1005 419 1109 465 acri
1136 415 1312 469 studio
1338 419 1547 480 adiutus

231 500 431 539 tantum
457 490 815 556 consequatur,
853 500 912 538 ut
933 492 981 539 ei
1002 502 1107 539 tam
1133 492 1265 556 qsude
1296 496 1548 558 cogitarit,

232 583 389 629 quam
450 582 582 629 quae
641 563 895 630 scripserit
950 577 1102 629 atque
1161 567 1457 626 edidicerit,
1490 567 1566 619 inv

231 639 456 690 dicendo
475 639 640 688 fidem
663 638 879 689 servent.
958 643 1140 691 Cicero
1175 654 1308 692 certe
1331 646 1550 705 Graeco-

316 832 351 869 4.
392 826 586 871 ingenium.
631 824 762 860 Turio.
811 825 912 861 Flor.
953 826 1137 863 omittunt
1165 840 1251 863 cum
1283 827 1384 864 Alm.
1441 828 1549 866 Alter

229 895 250 916 a
272 882 338 916 [ec.
359 894 410 915 m.
457 880 612 928 reponit
641 882 799 927 ingenio.
1030 891 1070 917 ut:
1094 885 1127 917 ei
1144 890 1229 919 tam.
1276 877 1404 920 Turic-
1444 883 1549 920 Flor-

232 945 270 971 ut
293 938 326 971 εἰ
348 937 470 972 etiam.
504 935 631 971 Guelf.
663 944 703 970 ut
724 939 835 971 etiam
864 949 951 972 cum
974 938 1090 974 Goth.
1117 939 1220 976 Voss'.
1243 951 1274 976 1.
1289 949 1323 974 2.
1337 947 1373 982 3.
1394 936 1552 986 Reliqui

229 999 269 1025 ut
288 1005 331 1026 ea
353 993 473 1026 etiam.
515 990 698 1026 Nostrum
718 1004 736 1025 e
759 993 985 1037 conjectura.
1213 1007 1320 1043 quam
1339 1008 1442 1044 quae.
1485 992 1549 1029 Sic

229 1046 384 1086 Turic.;
417 1059 436 1080 a
470 1059 528 1093 pr.
560 1058 676 1080 manu
717 1058 901 1094 quamque.
937 1047 1039 1084 Voss’.
1069 1062 1101 1083 1.
1124 1056 1160 1091 3.
1199 1061 1348 1096 quoque.
1392 1047 1547 1096 Reliqui

227 1114 398 1150 quaeque,
426 1100 498 1135 nisi
517 1100 621 1147 quod
643 1100 738 1135 Obr.
773 1113 885 1149 aeque
904 1116 946 1137 ac
966 1116 1075 1148 quae,
1104 1104 1310 1151 probatus,
1338 1116 1419 1140 nou
1442 1115 1547 1139 uom-

225 1156 380 1205 pilatus,
411 1166 454 1191 ut
474 1155 698 1191 criminatur
718 1157 848 1193 Burm.
863 1181 872 1195 ,
904 1157 1085 1198 Rollino;
1116 1168 1152 1193 et
1170 1159 1220 1195 fic
1241 1159 1323 1206 Bip.

311 1212 510 1246 edidicerit.
542 1210 673 1244 Turio.
703 1209 805 1245 Flor.
837 1211 986 1247 ederint.
1015 1212 1084 1247 Ille
1106 1226 1125 1246 a
1145 1213 1211 1248 sec.
1231 1226 1281 1248 m.
1315 1213 1478 1254 ediderit,
1509 1223 1548 1249 et

226 1266 277 1302 sic
309 1266 435 1301 Guclf.
474 1267 604 1312 Camp.
636 1266 729 1303 Hic,
780 1267 960 1301 nostrum.

1026 1267 1227 1314 Vulgatam
1257 1267 1399 1303 horum
1432 1278 1472 1302 uc
1492 1285 1548 1296 —-·

219 1320 367 1369 servent
401 1321 452 1356 ita
483 1320 624 1366 refingi
654 1320 764 1364 jubet
810 1322 1014 1357 Gesnerus:
1059 1331 1098 1357 ut
1124 1323 1274 1357 eandem
1309 1337 1343 1370 q.
1379 1336 1407 1357 c.
1439 1335 1547 1371 quam

228 1390 321 1424 quae
344 1374 376 1424 s.
412 1390 446 1412 a.
482 1389 512 1411 e.
547 1376 570 1409 i.
596 1375 631 1409 d.
655 1373 690 1420 f.
704 1373 737 1422 s.
767 1377 888 1423 magis
916 1376 984 1412 ille
1010 1377 1211 1412 ’consulens
1242 1377 1398 1415 auribus
1433 1390 1547 1427 quam

227 1431 460 1468 Obrechtus.

283 1604 318 1642 4.
332 1598 394 1634 Eo
417 1606 537 1633 tamen
554 1597 728 1643 pervenit,
743 1605 784 1631 ιιε
807 1616 860 1624 —-

221 1662 364 1699 tantum
391 1652 636 1701 consequatur,
667 1660 734 1686 ut„
774 1652 861 1688 Nisi

222 1708 546 1756 negligentiorem
576 1707 688 1742 toties
712 1707 860 1754 experti

225 1764 382 1799 essemus
402 1763 572 1798 nostrum
596 1761 637 1796 in
657 1761 858 1797 vocabulis

221 1819 359 1854 iisdem
383 1817 622 1865 geminandis
644 1817 710 1860 (ef.
735 1828 796 1856 10,
817 1823 856 1858 5,

220 1874 288 1919 7.)‚
316 1874 436 1921 magis
461 1873 609 1907 fortaffe
647 1871 855 1906 offendere-

217 1942 306 1963 mur
341 1928 490 1976 duplici
527 1927 602 1962 hoc
641 1935 699 1965 ut,
749 1926 856 1973 quod

217 1983 316 2025 stilo,
336 1994 379 2018 ut
401 1984 453 2018 ait
471 1981 550 2022 ille,
582 1981 856 2029 depascendum

216 2039 324 2075 fuisse
346 2038 555 2081 videbitur.
603 2038 727 2083 Quare
751 2036 854 2070 enim

218 2108 295 2129 non
327 2094 379 2129 ita
400 2092 595 2128 ordinavit
626 2091 852 2131 orationem,

218 2160 264 2185 ut
293 2149 565 2195 defungeretur
595 2158 674 2181 uno
705 2154 745 2180 ut
765 2158 854 2180 cum

216 2205 283 2240 suo
361 2202 611 2248 conjunctivo
634 2199 654 2235 ¹?
718 2199 855 2250 Aliena

217 2270 343 2295 tamen
366 2258 483 2294 fuerit
501 2254 622 2304 κρίσις,
635 2269 729 2303 quae
747 2255 854 2303 prius

216 2323 267 2353 ut,
296 2316 465 2360 itemque
487 2311 590 2351 haec,
613 2319 753 2346 tantum
773 2324 854 2345 con-

208 2368 393 2417 sequatur,
417 2365 666 2416 expungenda
695 2366 852 2405 suadeat,

215 2434 259 2458 ut
293 2424 377 2459 talis
417 2423 596 2457 structura
645 2420 852 2467 contingat.

217 2479 407 2514 Constitui
428 2487 553 2512 autem
582 2475 714 2515 debet,
746 2474 852 2522 quod

217 2533 263 2568 [it
292 2534 502 2579 subjectum
532 2531 573 2566 in
607 2530 730 2565 verbo
771 2533 853 2576 {ter-

212 2591 324 2624 venit.
352 2590 463 2622 Recte
485 2587 668 2621 Gesnerus
685 2583 850 2619 'similem

214 2642 421 2681 formulam
451 2640 675 2676 demonstrat
707 2651 775 2679 ιο,
811 2648 848 2681 7,

221 2711 282 2749 19.
341 2699 387 2733 In
426 2695 565 2733 harum
604 2693 850 2730 locutionum

517 1432 592 1466 Pro
623 1438 734 1479 atque
758 1432 877 1467 modo
907 1445 955 1468 αη
988 1432 1104 1469 Goth.
1134 1433 1256 1469 mire!

915 1607 1047 1632 neutra
1094 1597 1343 1645 impersonale
1383 1598 1547 1634 verbum

913 1655 1098 1700 pervenire
1124 1654 1319 1700 agnosces,
1369 1653 1434 1689 vel
1462 1655 1547 1689 sub-

916 1708 1044 1742 audies
1066 1720 1130 1746 res,
1163 1720 1239 1755 quo
1261 1709 1430 1756 express‘o
1450 1719 1546 1756 opus

917 1772 1016 1801 erat,
1046 1761 1155 1798 velut
1186 1763 1231 1803 6,
1264 1772 1308 1805 5,
1343 1771 1406 1807 5ι.
1463 1764 1550 1799 Brit

912 1817 1034 1863 igitur
1054 1817 1179 1852 nostro
1202 1818 1356 1865 quidem
1381 1818 1469 1854 loco
1490 1820 1546 1853 vis

910 1870 978 1905 illa
1000 1885 1018 1906 e
1039 1871 1236 1920 prioribus
1259 1873 1334 1909 huc
1362 1873 1546 1917 vocanda,

911 1926 953 1960 in
983 1926 1102 1961 altero
1122 1926 1290 1974 facilitas
1317 1937 1544 1975 extempora-

910 1981 965 2015 lis.
1024 1984 1079 2016 Ita
1100 1981 1211 2016 simul
1227 1993 1400 2030 apparet,
1429 1995 1546 2031 quare

909 2036 1107 2071 verbosior
1143 2037 1231 2071 fieri
1260 2037 1438 2073 maluerit
1470 2038 1545 2083 Qu.

912 2103 1025 2138 quam
1084 2092 1260 2127 omittere
1307 2093 1545 2128 mentionem

910 2146 1040 2194 ipsius,
1073 2159 1185 2194 quam
1218 2160 1320 2182 nunc
1350 2147 1543 2188 tractabat,

910 2201 1067 2237 virtutis
1087 2201 1286 2237 oratoriae.
1326 2204 1429 2238 Haec
1449 2214 1544 2250 quo-

910 2269 1032 2304 usque
1053 2257 1255 2304 pervenire
1275 2258 1407 2306 poss'et.
1423 2257 1542 2294 osten-

910 2311 998 2346 dere
1029 2311 1204 2351 volebat,
1242 2325 1321 2348 non
1347 2311 1542 2360 quidho-

908 2366 1008 2401 mini
1092 2366 1255 2402 studioso
1335 2366 1542 2406 accideret}

909 2434 1126 2468 quanquam
1157 2434 1216 2456 res
1255 2422 1388 2458 eodem
1416 2421 1544 2456 redire

907 2476 1026 2523 potest
1053 2476 1192 2511 videri.
1248 2478 1393 2515 Verum
1420 2476 1470 2511 sio
1494 2475 1543 2510 ad

908 2529 1127 2579 exemplum
1164 2539 1310 2566 tantum
1348 2530 1543 2567 recidebat

907 2585 970 2625 id,
1027 2585 1091 2620 cui
1135 2584 1298 2632 dignitas
1348 2584 1542 2634 praecepti

907 2639 1168 2688 quaerebatur.

965 2695 1089 2731 Cicero
1106 2713 1161 2722 --
1178 2694 1442 2731 Metrodorum
1459 2694 1540 2729 Sce-

1647 98 1650 102 '
1638 0 1672 68 „vs-5·
