1676 3028
306 264 400 309 510
607 254 692 300 Μ.
729 257 858 300 FAB.
895 256 1303 316 QUINTILIANI

307 388 503 435 orator,
542 394 652 425 uon
677 376 978 426 defendiffet
1000 378 1226 427 eundem
1246 381 1505 440 Rufinum
1525 385 1610 432 vel

193 485 195 487 -
228 471 275 512 44
305 451 558 501 manifesti
587 454 855 516 peculatus
893 455 1078 502 reum?
1155 456 1461 506 Multadici
1493 458 1609 525 pos-

300 527 421 577 sunt
454 527 662 591 simili‘a,
705 527 791 575 sed
824 530 908 576 vel
943 547 1111 577 unum
1145 546 1206 578 ex
1240 532 1304 579 iis
1337 533 1676 595 quodlibetxos

299 601 503 652 sufficit.
591 605 720 651 Non
764 605 905 651 enim
943 605 1044 652 hoc
1085 606 1311 669 agimus,
1380 605 1607 657 ut'istud

300 679 411 734 illi,
449 694 607 741 quem
647 677 956 736 formamus,
996 684 1112 727 viro
1142 679 1288 744 saepe
1327 679 1608 730 fit'facien-

300 753 453 801 dum:
494 752 580 800 sed.
617 764 701 809 ut,
741 752 782 800 si
821 754 934 802 talis
965 757 1190 819 coegerit
1228 757 1387 814 ratio,
1426 755 1500 804 rsit
1535 768 1606 805 ta-

295 845 419 875 men
459 845 580 876 vera
620 826 826 885 finitio,
885 840 1136 878 oratorem
1175 827 1278 903 effe
1313 834 1485 880 virum
1521 830 1606 880 ho'-

220 920 265 962 45
295 920 434 960 num,
485 905 679 951 dicendi
711 907 945 967 peritum,
1037 906 1334 971 Praecipefe
1375 924 1504 956 vero
1549 925 1604 955 ac

295 978 487 1027 discere
527 980 795 1043 quomodo
836 982 988 1028 etiam
1026 974 1338 1046 probatiorie
1370 979 1605 1031 difficilia

294 1065 601 1112 tractentur,
642 1053 972 1103 necess'arium
1014 1056 1098 1103 est.
1179 1059 1318 1104 Nam
1358 1053 1604 1122 frequen·

293 1140 372 1178 ter
413 1134 566 1177 etiam
605 1132 831 1194 optimae
871 1129 1045 1178 causae
1075 1130 1268 1180 similes
1291 1130 1412 1180 sunt
1438 1133 1602 1214 malis,

291 1216 343 1253 et
371 1206 622 1254 innocens
652 1221 770 1253 reus
801 1207 980 1254 multis
1006 1205 1390 1255 verisimilibus
1410 1188 1602 1272 premi-

293 1293 405 1328 tur:
444 1298 551 1344 quo
592 1277 671 1332 fit,
711 1291 771 1327 ut
812 1280 988 1328 eadem
1024 1282 1240 1329 actionis
1278 1283 1479 1329 ratione
1511 1282 1600 1330 de-

289 1354 586 1404 fendendus
609 1354 685 1411 sit,
727 1372 842 1418 qua,
880 1355 918 1402 si
952 1373 1144 1404 nocens
1180 1355 1311 1404 ell'et.
1389 1361 1494 1409 Jam
1519 1359 1601 1405 in-

289 1431 632 1480 numerabilia
665 1430 784 1478 sunt
817 1431 968 1480 bonis
1002 1431 1163 1480 causis
1189 1433 1442 1499 malisque
1461 1450 1602 1481 com-

284 1599 352 1635 ric.
384 1598 486 1634 Flor.
521 1598 650 1647 Camp.
682 1612 768 1634 cum
800 1598 883 1633 edd.
912 1598 975 1645 (de
1004 1601 1099 1638 Jens.
1134 1612 1202 1636 tac.
1234 1602 1360 1647 Gesn.)
1398 1612 1481 1638 aute
1511 1602 1597 1639 Ald.

285 1656 341 1689 hic
362 1655 528 1689 inserunt
552 1654 707 1702 reliqui.

371 1721 430 1753 44.
463 1711 534 1743 dici
550 1707 693 1757 poſj'mzt
711 1710 806 1748 Jens.
840 1722 870 1743 c.
903 1711 984 1744 edd.
1019 1712 1111 1758 post.
1143 1722 1225 1747 ante
1257 1712 1403 1760 Grypli.
1461 1725 1504 1747 ex
1535 1716 1595 1749 iis.

282 1766 344 1800 Sic
375 1765 505 1799 Turio.
537 1765 667 1798 Ambr.
703 1773 737 1798 2.
770 1766 900 1811 Camp.
933 1765 1046 1799 Goth.
1079 1767 1173 1803 Jens.
1202 1768 1429 1811 (tac.Ge[n.)
1460 1781 1489 1802 c.
1511 1769 1596 1804 edd.

281 1832 367 1856 ante
400 1819 506 1855 Basil.
536 1833 579 1854 ex
609 1820 663 1852 his
693 1820 846 1867 reliqui.
878 1822 956 1855 viro
987 1835 1024 1855 re
1044 1819 1099 1868 sit
1121 1821 1297 1867 facienda
1327 1823 1458 1858 Turic.
1489 1823 1591 1858 Flor.

272 1875 387 1924 saepe
417 1886 561 1910 tantum
589 1888 666 1909 om.
701 1876 833 1922 Camp.

368 1939 430 1974 45.
491 1932 685 1978 Praecipue
716 1929 841 1966 Guelf.
872 1930 937 1972 (cf.
967 1931 1002 1971 6,
1031 1938 1068 1974 5,
1102 1933 1157 1975 2.)
1188 1932 1330 1968 omiss‘is
1358 1945 1450 1968 mox
1480 1933 1593 1983 neces-

269 1985 411 2036 sarium
441 1983 500 2033 est.
561 1986 633 2020 Sed
673 1986 802 2020 Turio.
834 1985 935 2021 flor.
980 1985 1173 2035 necqffario
1205 1985 1254 2034 est
1282 2001 1367 2023 cum
1397 1986 1496 2023 Alm.
1531 2003 1591 2024 ne-

278 2039 442 2091 ceffesefi
475 2041 589 2076 Goth.
621 2041 717 2078 qus.
750 2055 779 2076 c.
812 2042 894 2076 edd.
923 2042 1016 2090 post.
1048 2053 1131 2077 aute
1161 2043 1262 2078 Gibs.
1295 2057 1373 2077 exc·
1403 2044 1489 2079 Ald.
1521 2044 1588 2090 (cf.

275 2105 315 2140 5,
352 2110 412 2138 ιο,
446 2097 542 2144 69.).
602 2097 777 2131 Tuentnr
807 2097 975 2131 nostrum
1006 2097 1136 2133 Ambr.
1161 2108 1195 2132 2¹
1226 2099 1354 2146 Camp.
1610 2093 1612 2097 V

386 2152 561 2200 virisimil.
591 2150 651 2187 bis
674 2153 805 2187 Ambr.
836 2162 872 2186 2.
912 2153 1037 2188 eadem
1068 2151 1312 2201 responsionis
1342 2155 1588 2190 accommoda-

275 2208 381 2244 tione
406 2209 500 2244 Obr.
536 2208 632 2242 mira
669 2207 845 2243 libidine.
1122 2208 1196 2255 def.
1223 2208 1286 2257 sit.
1361 2210 1423 2245 Sic
1453 2210 1582 2245 Turic.

257 2364 261 2366 ’
328 2362 390 2402 44.
412 2357 566 2407 situlis.
626 2358 761 2394 Malim
784 2356 823 2406 si
848 2368 901 2394 ta-
955 2359 1113 2406 probatu
1133 2359 1212 2407 diff]
1230 2370 1424 2396 -monente
1445 2359 1488 2395 id
1509 2360 1583 2406 jam

267 2414 331 2450 lia.
393 2414 545 2456 [Mihi,
578 2415 626 2451 ob
659 2427 799 2449 nexum
826 2416 899 2449 sen-
955 2415 1086 2450 Badio.
1154 2416 1291 2462 Neque
1327 2415 1442 2450 velim
1474 2414 1584 2450 scribi

268 2469 484 2509 tentiarum‚
512 2469 772 2516 praestabilior
790 2471 897 2504 vide·
953 2470 1176 2516 probationi.
1222 2471 1267 2505 cf.
1302 2469 1494 2506 Drakenb.
1535 2469 1583 2504 ad

268 2533 330 2558 tur
359 2524 533 2571 vulgata,
564 2526 605 2560 in
636 2537 706 2572 qua
734 2526 895 2561 verbum
952 2525 1040 2559 Liv.
1061 2532 1124 2569 45,
1148 2535 1211 2567 30,
1236 2536 1270 2559 2.

265 2578 403 2626 spectat
424 2580 469 2613 ad
489 2589 681 2615 oratorem.
704 2581 892 2622 Bou-nn]
1006 2582 1090 2614 Jam
1108 2579 1392 2614 innumerabilia.
1423 2579 1497 2614 Hic
1512 2593 1576 2615 ne·

322 2641 383 2675 45.
417 2635 643 2680 probatione.
687 2637 787 2670 cavo
818 2635 892 2670 hoc
949 2648 1014 2670 mo
1033 2634 1343 2669 desubstituendo
1361 2635 1459 2668 Nam
1471 2636 1575 2682 cogi·

263 2689 399 2723 referas
423 2691 468 2722 ad
491 2699 696 2729 tractentur,
720 2690 780 2724 sed
802 2703 889 2724 con·
951 2700 1024 2729 tet,
1056 2699 1096 2724 ut
1120 2688 1194 2723 hoc
1213 2689 1424 2736 imputetur
1449 2689 1574 2737 negle-

261 2742 437 2789 junctum
455 2745 546 2780 voci
566 2745 735 2792 difficilia
761 2746 886 2792 accipe
944 2745 1024 2780 ctui
1052 2742 1115 2778 illi
1149 2743 1266 2782 nostri
1298 2744 1490 2793 scriptoris
1516 2745 1571 2780 so·
