1676 3028
305 246 403 290 226
624 246 707 291 M..
732 246 865 291 ΕΑΒ.
904 247 1315 306 QmNTimANt

301 385 478 436 genus.
555 369 669 417 Nec
701 366 810 415 fere
839 368 1084 432 pluribus
1117 370 1174 417 in
1194 370 1408 420 Orat'ore
1433 370 1628 421 eadem.

302 443 404 491 Sed
426 444 537 491 illic
559 447 616 491 L.
643 441 859 499 Crassus,
893 459 1014 490 cum
1052 444 1190 506 apud
1209 444 1439 495 summos
1463 457 1631 496 orato-

303 535 414 574 res,
484 518 834 581 hominesque
876 517 1233 567 eruditissimbs
1290 520 1454 578 dicat,
1513 520 1632 571 fatis

304 592 486 648 habet,
524 603 722 656 partem
752 593 886 640 hanc
917 593 1066 641 velut
1095 605 1274 642 notare
1307 596 1443 643 inter
1473 613 1632 659 agno-

265 666 518 720 5scentes.
634 671 697 716 Et
735 669 823 716 hic
867 669 1050 723 Cicero
1098 669 1368 732 alloquens
1410 663 1633 721 Brutum

309 740 521 789 testatur
560 739 655 790 effe
690 743 815 791 haec
850 744 900 790 ei
929 755 1076 801 nota3
1115 744 1342 807 ide'oque
1372 745 1583 793 brevius
1607 762 1635 792 a

311 815 360 863 se
392 816 512 874 dici,
552 833 853 882 quanquam
884 816 949 866 sit
982 817 1129 867 fusus
1164 819 1330 876 locus,
1369 830 1637 869 tractetur-

311 907 416 954 que
452 909 479 938 a
514 891 842 958 philosophis
874 894 1041 942 latius.
1121 895 1236 942 Nos
1254 893 1637 943 institutionem

232 978 256 989 ‘
311 953 530 1032 profesti,
570 985 680 1019 non
712 968 883 1016 solum
914 968 1195 1017 scientibus
1226 968 1333 1027 ista,
1371 968 1460 1017 sed
1479 971 1636 1018 etiam

316 1040 631 1092 discentibus
666 1044 947 1092 tradimus:
1021 1043 1249 1107 ideoque
1282 1045 1450 1109 paulo
1470 1045 1637 1109 pluri-

269 1125 293 1162 6
315 1117 414 1165 bus
434 1117 609 1168 verbis
633 1118 785 1166 debet
805 1119 986 1166 haberi
1013 1121 1180 1166 venia.
1258 1123 1429 1186 Quare
1449 1129 1638 1167 notum

312 1191 376 1239 sit
421 1202 538 1239 ante
599 1195 800 1250 omnia,
849 1194 981 1257 quid
1022 1195 1348 1252 conciliando,
1404 1196 1640 1251 docendo,

314 1268 566 1315 movendo
586 1267 751 1329 judici
776 1270 1078 1317 conveniat:
1117 1268 1249 1333 quid
1269 1286 1477 1334 quaque
1494 1279 1639 1334 parte

315 1343 566 1390 orationis
612 1354 860 1407 petamus.
952 1346 1028 1391 Ita
1076 1360 1248 1408 neque
1289 1355 1494 1407 vetera,
1553 1354 1640 1392 aut

311 1418 581 1473 translata,
630 1429 720 1466 aut
752 1418 874 1466 ficta
904 1420 1063 1468 verba
1094 1421 1151 1466 in
1184 1420 1485 1484 incipiendo,
1521 1436 1642 1468 nar-

311 1591 443 1626 Turic.
466 1590 569 1626 Flor.
591 1591 715 1627 Guelf.
739 1592 870 1640 Camp.
903 1591 1060 1640 Reliqui
1089 1606 1153 1627 nec
1172 1610 1225 1619 —-
1244 1606 1309 1628 noc
1330 1611 1384 1621 -—
1407 1607 1483 1630 nec.
1514 1593 1638 1629 Modo

311 1645 436 1681 Guelf.
467 1659 531 1680 neo
567 1647 692 1694 (quod
725 1657 762 1682 et
791 1646 907 1682 Goth.
939 1658 1007 1692 tac.
1045 1646 1175 1695 Gesn.)
1223 1658 1355 1685 tamen.
1413 1649 1511 1684 Mox
1542 1651 1576 1695 §.
1601 1649 1638 1685 6.

310 1700 412 1736 Flor.
448 1701 574 1736 Guelf.
609 1701 727 1738 Goth.
748 1702 844 1739 Jens.
876 1703 963 1747 (tac.
993 1702 1123 1750 Gesn.)
1155 1704 1284 1751 Camp.
1314 1717 1378 1739 nec
1396 1712 1521 1739 vetera
1549 1716 1638 1739 cum

235 1782 241 1785 ι-
312 1755 398 1791 edd.
420 1765 503 1790 ante
524 1756 672 1804 Gryph.
701 1769 775 1791 acc.
800 1756 894 1792 Obr.
916 1757 1011 1791 item
1032 1758 1162 1805 Camp.
1193 1771 1256 1792 nec
1274 1759 1408 1793 decurr.

389 1808 484 1857 fere.
524 1811 627 1846 Flor.
670 1805 709 1863 (a
730 1825 789 1860 pr,
810 1811 882 1858 m.)
910 1811 1016 1857 flere.
1193 1802 1201 1813 ⁹
1299 1814 1468 1850 Oratore.
1509 1814 1637 1851 Guelf-

313 1865 429 1900 Goth.
452 1866 549 1903 Jens.
582 1869 671 1911 (tae.
692 1867 821 1908 Gefn.)
851 1868 966 1902 Tarv.
995 1867 1126 1914 Camp.
1159 1869 1338 1904 oratione.
1630 1886 1635 1888 ·

399 1927 434 1963 5.
467 1921 554 1956 haec
574 1924 618 1956 ei.
649 1921 752 1957 Flor.
785 1921 903 1957 Goth.
935 1915 1022 1971 (tac.
1045 1922 1169 1966 Gesn.)
1198 1935 1228 1958 e.
1249 1923 1283 1957 h.
1512 1923 1634 1960 latius.

314 1977 445 2023 Camp.
490 1976 628 2011 latinis.
914 1973 1189 2022 institutionem.
1231 1978 1362 2015 Turic.
1405 1975 1637 2026 institutione

312 2044 399 2064 cum
433 2031 533 2068 Voss'.
571 2045 604 2066 ι.
638 2040 675 2074 3.
933 2031 1039 2066 debet
1070 2032 1206 2067 haberi.
1253 2032 1379 2068 Guelf.
1425 2034 1461 2070 d.
1491 2033 1634 2070 habere.

310 2085 430 2120 Goth.
464 2086 566 2120 decet
586 2087 620 2120 h.
660 2086 706 2122 cf.
727 2092 773 2130 5,
802 2097 848 2133 9,
879 2094 916 2131 3.
946 2092 984 2130 8,
1016 2095 1063 2129 5,
1098 2101 1160 2122 ιι.
1189 2100 1259 2123 nec
1290 2098 1366 2123 tam
1386 2087 1498 2130 male,
1520 2102 1636 2137 quam

309 2140 516 2175 videbatur
546 2141 724 2182 Gesnero,
761 2142 790 2176 [i
814 2144 960 2176 veniam
997 2142 1192 2178 scribatur.
1231 2142 1277 2178 cf.
1299 2155 1349 2190 9,
1381 2150 1424 2187 4,
1456 2144 1519 2188 67.
1547 2140 1636 2179 Tac.

309 2198 410 2229 Ann.
438 2202 498 2237 15,
531 2196 594 2238 67.
632 2197 766 2236 „nosci
793 2197 943 2232 decebat
971 2196 1148 2232 militaris
1178 2198 1258 2233 viri
1293 2199 1414 2235 sensus
1443 2199 1636 2235 incomtos

309 2260 375 2290 „et
401 2249 592 2285 validos.“
1508 2250 1511 2255 ¹

393 2304 427 2340 6.
451 2303 507 2352 sit
538 2315 635 2342 ante.
680 2307 742 2342 Sic
765 2307 895 2342 Tui-ic.
917 2306 1021 2342 Flor.
1055 2306 1138 2352 (hic
1164 2319 1184 2342 a
1207 2319 1264 2354 pr.
1286 2306 1357 2353 m.)
1388 2310 1519 2358 Camp.
1547 2321 1636 2344 cum

305 2358 408 2395 Alm.
439 2359 598 2407 Reliqui
627 2362 798 2397 inserunt
827 2362 944 2397 nobis.
1171 2371 1238 2400 aut
1267 2363 1457 2399 translata.
1501 2365 1634 2412 Camp-

304 2427 369 2449 nec
400 2424 426 2451 ε.
465 2428 553 2450 cum
573 2416 665 2452 Bad.
693 2416 804 2452 Bam.
828 2416 923 2452 Obr.
949 2416 1061 2452 male.
1345 2419 1384 2453 in
1412 2419 1632 2467 incipiendo.

299 2557 416 2597 „ess'et
466 2557 568 2607 apud
617 2559 842 2595 Ciceronem
894 2561 940 2596 de
995 2560 1190 2602 „Oratore
1219 2568 1336 2597 c.21.
1367 2562 1448 2611 sq.“
1500 2563 1632 2598 Gesne-

298 2611 404 2653 „hoc
427 2624 666 2660 argumento.
721 2617 817 2650 Sunt
837 2616 939 2650 enim
994 2628 1073 2652 rus.

298 2666 506 2714 „pluscula-
565 2671 620 2704 Ita
660 2667 762 2704 illud
797 2680 937 2717 aptum,
1051 2679 1192 2706 notare.
1222 2670 1268 2706 cf.
1295 2685 1330 2711 ι,
1361 2678 1396 2715 5,
1430 2682 1492 2722 17..

298 2722 440 2769 „quod-
450 2721 581 2769 πρέπον
602 2733 725 2763 vocat,
741 2735 873 2761 tractat
894 2726 938 2761 in
1053 2726 1089 2762 6.
1120 2726 1360 2766 conciliando.
1391 2726 1439 2764 cf.
1461 2732 1498 2771 4,
1528 2736 1567 2772 3,
1592 2738 1630 2775 9-
