1676 3028
314 267 410 310 ωδ
610 255 683 302 Μ.
728 256 861 305 FAB.
909 234 1362 315 QUINTILIANs

315 396 485 444 neque
519 379 724 428 humile
774 388 926 440 atque
969 376 1335 441 quotidianum
1375 379 1626 432 sermonis
1639 400 1676 446 9⁴

317 472 500 520 genus,
538 465 588 501 et
622 451 997 517 compositione
1027 451 1133 518 ipsa
1165 452 1484 513 dissolutum,
1519 459 1630 524 epi-

316 530 450 594 logis
485 529 752 584 dabimus,
788 544 883 576 nec
911 529 1039 588 jocis
1070 529 1327 595 lacrimgs,
1371 531 1464 579 ubi
1495 548 1628 596 opus

273 625 298 661 7
319 607 417 652 erit
445 602 802 659 miseratione,
844 601 1159 651 siccabimus.
1236 605 1378 652 Nam
1412 617 1627 656 ornatus

317 679 489 727 omnis
511 695 621 726 non
643 688 746 727 tam
765 676 870 735 sua,
906 695 1062 742 quam
1092 679 1183 735 rei,
1221 679 1308 726 cui
1338 678 1627 737 adhibetur,

315 753 618 802 conditione
660 752 882 802 constat:
951 770 1046 801 nec
1086 754 1206 817 plus
1248 752 1443 812 refert,
1495 756 1626 820 quid

314 828 478 886 dicas,
513 844 670 892 quam
697 845 805 892 quo
828 829 959 877 loco.
1035 828 1135 876 Sed
1159 838 1329 876 totum
1350 828 1468 886 hoc,
1507 841 1627 894 apte

313 904 494 959 dicere,
529 920 640 951 non
662 904 948 952 elocutionis
983 913 1184 952 tantum
1214 919 1400 968 genere
1422 904 1628 963 constat,

311 976 401 1026 sed
437 977 507 1026 est
537 995 654 1026 curn
689 981 970 1028 inventione
1009 995 1300 1027 commune.
1414 981 1552 1029 Nam
1584 979 1627 1028 fi

310 1063 511 1119 tentum
579 1054 771 1101 habent
838 1054 991 1100 etiam
1058 1054 1215 1101 verba
1279 1065 1626 1113 momentum,

309 1139 504 1193 quanto
537 1145 617 1177 res
648 1127 783 1194 ipsae
810 1129 1011 1189 majus?
1069 1132 1303 1195 Quarum
1343 1145 1476 1192 quae
1505 1128 1626 1179 effet

308 1202 625 1261 observatio,
698 1203 803 1253 suis
852 1204 981 1270 locis
1023 1201 1245 1251 subinde
1297 1202 1621 1265 subjecimus.

305 1354 388 1381 tum
422 1346 578 1393 quidem
601 1346 774 1394 agnosco,
805 1343 968 1393 dtsenda.
999 1342 1124 1380 Guelf.
1152 1343 1282 1391 Camp.
1312 1343 1504 1392 dirigenda
1531 1357 1620 1381 cum

302 1400 420 1436 Goth.
449 1402 551 1438 Voss'.
578 1412 613 1437 2.
643 1399 752 1436 Bodl.
782 1401 900 1436 Andr.
933 1410 970 1435 et
996 1398 1146 1447 aliquot
1173 1401 1305 1435 Burm.
1334 1399 1381 1434 cf.
1409 1412 1479 1442 ιο,
1507 1406 1546 1447 4,
1583 1414 1619 1436 ι.

299 1454 395 1490 item
428 1455 623 1492 Drakenb.
656 1456 701 1490 ad
728 1457 815 1492 Liv.
848 1462 894 1499 8,
923 1464 997 1495 22,
1039 1462 1074 1498 5.
1332 1467 1445 1504 neque
1473 1456 1616 1491 humile.

299 1509 431 1545 Turic-
463 1524 554 1558 nege
583 1512 618 1545 Ιι.
645 1509 747 1544 Flor.
780 1512 817 1556 (a
843 1522 902 1556 pr.
935 1511 1008 1551 m.)
1037 1518 1144 1556 neget
1171 1511 1206 1544 Ῐι.
1432 1510 1615 1550 lacrimas.

297 1564 370 1600 ubi.
398 1564 533 1606 Aldus,
564 1566 686 1613 Regio
717 1565 926 1603 obsecutus,
955 1563 1084 1598 inserit
1113 1578 1176 1600 nec
1203 1563 1324 1601 Badio
1348 1574 1449 1600 recte
1469 1565 1615 1614 impro-

296 1618 418 1656 batus.
648 1632 751 1667 opus.
779 1620 882 1654 Flor.
911 1619 949 1666 (a
969 1632 1025 1667 pr.
1046 1619 1118 1664 m.)
1145 1622 1284 1668 potius.

378 1685 415 1718 7.
445 1678 560 1710 omnis
580 1689 653 1710 non
674 1684 761 1710 tam.
794 1676 923 1722 Camp.
955 1674 1198 1721 negationem
1229 1675 1386 1712 omittit.

376 1739 506 1766 totum.
534 1732 663 1765 Turio.
686 1729 788 1764 Flor.
818 1728 901 1774 (hic
921 1742 941 1763 a
957 1741 1014 1776 pr.
1034 1723 1104 1779 m.)
1133 1732 1263 1764 circum
1292 1743 1379 1766 cum
1399 1731 1501 1766 Alm.

371 1785 441 1833 sed
461 1783 511 1832 est·
530 1805 583 1812 -—
604 1798 799 1820 commune.
836 1784 966 1819 Turie.
1005 1783 1040 1832 s.
1071 1794 1107 1819 et
1136 1798 1213 1819 cum
1244 1787 1460 1822 inventione.
1508 1787 1611 1823 Flor-

281 1837 318 1887 s.
353 1850 390 1875 et
419 1843 455 1875 in
484 1842 706 1876 invencione.
762 1839 821 1874 Ab
853 1839 950 1874 Alm.
979 1840 1131 1874 nonnisi
1167 1839 1318 1876 exulare
1356 1841 1497 1878 dicitur
1530 1855 1611 1880 vox

290 1907 487 1932 commune.
519 1895 635 1932 Goth.
663 1894 698 1942 s.
728 1897 836 1930 etiam
866 1908 893 1929 c.
917 1896 940 1928 i.
964 1909 990 1930 c.
1034 1898 1120 1931 curn
1150 1896 1247 1933 Jens.
1278 1906 1315 1930 et
1342 1896 1427 1932 edd.
1452 1897 1608 1946 posterr.

289 1961 373 2004 ante
393 1950 480 1986 Ald.
538 1952 600 1986 An
615 1951 798 1999 primitus
819 1949 896 1985 fuit
915 1948 950 1997 s.
974 1947 1022 1996 est
1042 1963 1224 1985 commune
1245 1952 1449 1986 inventioni
1457 1955 1478 1987 2

368 2007 511 2042 habent.
547 2006 673 2042 Guelf.
705 2005 838 2040 habeat
866 2017 950 2039 cum
972 2005 1072 2039 Voff.
1102 2019 1134 2039 1.
1158 2013 1194 2047 3.
1224 2005 1384 2041 habeant
1413 2008 1544 2044 Ambr.
1567 2017 1604 2045 2.

285 2072 375 2095 eum
401 2061 488 2096 Ald.
714 2073 770 2096 res
801 2058 910 2107 ipsae.
940 2059 1069 2095 Turic.
1100 2059 1202 2095 Flor.
1241 2059 1326 2104 (hio
1354 2074 1374 2095 a
1393 2074 1449 2110 pr.
1467 2065 1538 2111 m.)
1568 2077 1606 2100 ro

285 2116 324 2149 in
345 2115 435 2164 ipsa.
463 2117 594 2152 Ambr.
621 2126 656 2150 2.
687 2132 714 2151 r.
738 2114 823 2163 ipse.
853 2115 950 2152 Jens.
982 2114 1072 2162 (tac.
1094 2111 1222 2162 Gesta.)
1253 2115 1368 2151 Tarv.
1395 2131 1423 2152 r.
1444 2111 1538 2166 ipsa‘}

366 2173 493 2216 majus.
532 2171 661 2207 Turio.
691 2171 793 2207 Flor.
821 2169 952 2205 Ambr.
974 2181 1011 2205 2.
1049 2169 1173 2206 Guelf.
1200 2171 1330 2218 camp.
1358 2172 1475 2208 Goth.
1502 2175 1599 2212 Jenf.

279 2227 367 2272 (tac.
391 2227 516 2270 Gesn.)
547 2229 665 2274 magis
693 2238 779 2261 cum
799 2225 897 2263 Voss'.
925 2239 958 2259 1.
989 2234 1024 2260 2.
1058 2234 1102 2268 5..
1124 2236 1160 2260 et
1189 2225 1272 2260 edd.
1293 2237 1376 2262 ante
1396 2226 1480 2263 Ald.
1504 2229 1598 2265 Cor·

276 2281 378 2317 :rexit
403 2282 558 2328 Regius.
831 2278 1061 2327 subjecimus.
1091 2280 1220 2315 Turio.
1241 2279 1434 2329 subiemuS.
1465 2283 1595 2334 Camp.

266 2335 511 2385 subjiciemus.

270 2458 388 2494 simili
407 2471 446 2494 e1
449 2459 548 2494 roiis
581 2457 684 2492 causa
711 2454 821 2492 facile
841 2454 906 2491 de·
1018 2454 1282 2505 compositione
1301 2475 1354 2484 --
1370 2457 1591 2507 dtffolutum.

269 2514 534 2560 prehenditur.
569 2513 615 2548 cf
651 2525 720 2551 11,
750 2520 795 2554 3,
837 2517 902 2554 84.
957 2511 1100 2553 def-10,
1133 2518 1169 2555 4,
1204 2525 1240 2547 1.

268 2568 339 2603 ubi
359 2567 512 2609 habes,
517 2569 716 2609 ,continuos
737 2565 903 2602 etd.l.“
1014 2567 1315 2611 7.cond1t1'one
1361 2565 1499 2616 confiat
1534 2589 1590 2600 —

268 2624 455 2659 Circuitus
465 2624 620 2671 quidem
642 2634 711 2669 pro
737 2621 910 2669 periodnsv
953 2636 1082 2669 genere
1131 2619 1278 2668 constat.
1337 2623 1436 2660 Vide
1485 2625 1586 2661 mihi
1648 2667 1655 2676 ι

265 2679 345 2714 dici
375 2690 489 2713 nemo
514 2691 594 2712 non
622 2677 751 2726 videt.
782 2684 818 2711 'et
849 2676 901 2712 οἱ.
952 2677 1090 2712 iisdem
1111 2676 1276 2712 vocibus
1303 2678 1486 2714 iterandis
1508 2692 1587 2716 non

262 2737 375 2781 §.49
951 2732 1188 2778 parcentem!
1219 2733 1267 2767 cf.
1293 2745 1356 2775 ιο,
1386 2743 1424 2774 2,
1454 2744 1517 2771 η.
