1676 3028
250 184 359 283 462Ι

504 287 520 299 l
565 227 634 272 Μ.
671 229 802 273 FAB.
839 196 1246 290 QUINTiLIANt

235 343 477 420 scriptio,
519 351 607 398 Cn.
636 349 869 412 Pompeji
899 351 1026 410 laus.
1078 353 1268 416 Neque
1290 354 1431 401 enim
1460 354 1558 400 mi-

252 442 396 483 rum,
453 426 630 474 minus
673 425 862 472 habere
905 428 1252 475 contentionis
1296 443 1377 484 ea,
1423 443 1556 492 quae

177 498 368 557 165sunt
411 510 547 546 extra
594 498 958 562 quaestionem.
1019 502 1268 560 ,Mollior
1309 518 1556 551 nonnun-

251 590 408 638 quam
428 591 548 621 cum
568 573 966 638 reprehensione
996 574 1225 624 diversae
1252 576 1407 640 partis
1436 577 1555 624 imi-

250 650 400 704 tatio,
458 651 519 697 V
513 647 687 696 idebar
725 651 900 700 videre
941 652 1069 703 alios
1110 655 1380 706 intranteS,
1427 649 1555 698 alios

249 733 417 771 autem
439 736 702 782 exeuntes,
741 729 983 788 quosdam
1017 744 1083 775 ex
1104 730 1221 776 vino
1242 725 1554 775 vacillantes.

248 798 354 846 Ubi
389 814 500 847 non
542 799 777 849 diffidens
814 818 843 848 a
877 819 1006 851 voce
1039 801 1358 866 permittitur
1387 798 1556 866 gestus

249 890 490 938 quoque,
538 875 596 923 in
640 885 912 940 utramque
949 887 1147 943 partem
1192 886 1365 924 tenera
1401 890 1558 940 quae-

250 948 398 1016 dam²
433 947 521 996 sed.
558 951 695 998 intra
732 968 916 1002 manus
947 964 1142 1009 tamen,
1181 962 1235 999 et·
1268 946 1377 998 'fine
1406 959 1556 999 motu

174 1024 496 1083 ‚fifilaterum,
535 1026 812 1076 translatio.
874 1025 1413 1087 Accendendijudicis
1437 1025 1556 1090 plu-

243 1212 357 1246 neque
393 1200 521 1235 mirum
558 1201 688 1236 Turic.
717 1177 876 1248 Pieliqui
909 1215 944 1238 n.
976 1198 1025 1248 eft
1054 1215 1100 1236 m.
1142 1201 1215 1236 nisi
1251 1198 1356 1247 quod
1381 1209 1454 1246 pro
1483 1208 1551 1244 po-

203 1294 206 1296 v
242 1253 378 1289 firemo
415 1269 599 1291 numerum
634 1256 765 1293 Ambr.
809 1266 846 1291 2.
887 1257 1012 1294 Guelf.
1055 1269 1143 1291 cum
1168 1257 1291 1291 Bem.
1333 1253 1556 1288 centuriones

242 1322 356 1357 aeque
373 1309 461 1358 sunt
491 1310 617 1346 Guelf.

334 1387 424 1429 265.
454 1388 572 1423 vicino
603 1388 818 1423 vacillantes
846 1389 976 1424 Turio.
994 1387 1097 1423 Flor.
1119 1387 1302 1422 discedens
1320 1385 1416 1424 Jent.
1438 1384 1554 1418 Tarv.

325 1440 442 1488 gestus
473 1455 631 1490 quoque,
670 1445 719 1478 in.
768 1445 830 1479 Sic
868 1445 998 1480 Turic.
1036 1442 1137 1478 Flor.
1167 1442 1305 1483 >Ambr.
1350 1449 1386 1474 2.
1425 1437 1553 1476 Guelf,

243 1499 373 1544 Camp.
406 1509 492 1531 cum
522 1498 623 1534 Vols.
661 1510 694 1532 ι.
727 1509 763 1532 2.
796 1508 831 1541 3.
873 1499 988 1533 Goth.
1028 1508 1064 1532 et
1104 1497 1188 1532 edd.
1226 1506 1309 1531 ante
1349 1495 1440 1528 Bad.
1482 1494 1553 1526 Re-

241 1552 344 1600 liqui
381 1565 418 1598 g.
458 1564 526 1597 quo
549 1551 606 1598 fit
645 1555 682 1586 in
721 1553 765 1587 de
806 1554 1022 1599 conjectura
1058 1552 1181 1600 Regii.
1215 1559 1334 1585 tenere
1373 1549 1552 1599 quaedam

239 1607 371 1642 Turio.
402 1606 504 1642 Flor.
526 1605 565 1654 si
594 1609 689 1641 intra
719 1609 850 1644 Turio.

329 1682 416 1718 166.
447 1683 677 1718 Accendendi
700 1677 845 1728 jndicis.
874 1685 934 1719 Sic
953 1684 1068 1720 Goth.
1101 1686 1192 1728 (err.
1211 1682 1339 1727 θείη.)
1357 1693 1444 1716 cum
1464 1678 1548 1714 edd,

239 1749 323 1775 ante
352 1740 462 1774 Leid.
493 1751 567 1774 acc.
594 1738 697 1775 Gibs.
729 1739 824 1776 Obr.
853 1739 955 1775 Roll.
987 1741 1145 1788 Capper.
1186 1737 1379 1774 accedendi
1404 1735 1550 1780 judicus

237 1881 465 1930 Pompeium
499 1894 674 1919 ornatum
705 1884 747 1917 in
774 1884 868 1918 Cor-

236 1935 386 1971 meliana
408 1950 562 1985 apparet
584 1939 695 1974 etiam
715 1937 800 1973 loco
820 1939 865 1984 Q.

235 1991 433 2028 Ciceronis
471 1993 516 2028 dc
546 1994 734 2029 Petitione
767 1994 867 2028 Cou-

234 2044 373 2082 sulatus
403 2060 434 2083 c.
465 2057 525 2092 13.

295 2102 383 2145 165.
414 2116 491 2138 cum
520 2102 792 2152 reprehensione
811 2121 867 2131 —-

234 2158 406 2194 imitatio.
448 2160 599 2194 Locum
629 2173 675 2194 ex
694 2157 865 2199 Galliana

233 2212 404 2248 vidimus
424 2214 498 2259 jam
524 2221 561 2259 8,
586 2223 622 2257 5,
653 2215 715 2250 66.
747 2215 863 2250 vide-

233 2276 296 2302 tur
327 2278 451 2314 autem
472 2269 537 2304 hic
559 2282 714 2317 quoque
737 2268 863 2317 aliqua

229 2322 356 2358 nostro
385 2324 583 2372 obrepfflre
617 2323 789 2363 oblivio,
820 2334 863 2358 ut

229 2376 412 2418 Gauium,
426 2381 533 2424 cujus
557 2378 777 2414 temulentia
792 2391 860 2413 no-

227 2441 348 2473 tatur,
378 2434 631 2469 adversarium
662 2433 860 2470 Ciceronis

227 2498 330 2522 nunc
348 2489 504 2536 quidem
529 2489 725 2536 acciperet-
780 2489 859 2524 Ne-

228 2553 303 2588 que
337 2544 439 2577 enim
478 2557 549 2592 pro
581 2543 707 2579 Gallio
742 2540 858 2578 oraffe

227 2595 453 2632 Ciceronem
495 2599 673 2646 ignorare
717 2598 857 2647 potuit.

225 2649 399 2698 Diversae
418 2656 535 2700 partis
552 2654 744 2700 genitivus
763 2653 858 2688 refe-

224 2704 366 2741 rendus
391 2708 438 2742 ad
467 2710 647 2748 itnitatio,
691 2721 773 2745 nou
812 2709 859 2744 ad

924 1882 1218 1932 reprehenfione:
1257 1891 1294 1917 et
1311 1890 1410 1915 recte
1431 1878 1464 1914 se
1485 1879 1548 1914 ha·

924 1939 1016 1974 bent
1043 1938 1154 1977 haec,
1200 1937 1265 1971 etsi
1285 1935 1350 1970 illa
1371 1945 1408 1970 et
1427 1935 1547 1975 imita-

925 1996 975 2029 cio
1008 2005 1044 2029 et
1065 1991 1288 2040 reprehensio
1316 2004 1395 2026 nou
1414 1989 1463 2023 'iu
1493 1989 1549 2023 di·

921 2048 1062 2096 versam
1081 2057 1244 2096 partem,
1273 2046 1334 2080 scd
1359 2045 1402 2081 in
1432 2044 1547 2081 clien-

922 2114 999 2139 tem
1029 2104 1149 2152 ipsum
1176 2102 1405 2149 diriguntur.
1464 2099 1549 2137 Nec

920 2160 1044 2204 major
1073 2171 1198 2195 error.
1229 2169 1342 2204 quam
1371 2156 1441 2204 qui
1470 2164 1549 2190 erat

918 2214 960 2248 in
979 2213 1068 2250 loco
1092 2212 1288 2248 Rullianae
1309 2217 1346 2254 3,
1370 2220 1404 2254 4,
1427 2217 1492 2254 28,

973 2266 1090 2316 gestus
1111 2280 1261 2316 quoque,
1293 2268 1332 2301 in
1361 2275 1548 2316 utramque

915 2344 972 2354 -—
993 2324 1197 2359 translatio.
1255 2321 1369 2369 Quod
1393 2321 1546 2366 subjici-

917 2391 979 2415 tur
998 2379 1061 2414 illi
1080 2376 1206 2426 gestui,
1228 2389 1330 2412 mera
1343 2375 1391 2411 est
1401 2375 1542 2423 appoli-

916 2436 996 2475 tio,
1035 2434 1159 2482 ipsum
1206 2431 1416 2467 describens
1460 2428 1540 2467 illa.

914 2491 1029 2526 Nove
1057 2499 1182 2523 tamen
1214 2487 1277 2521 hic
1315 2485 1455 2521 dicitur
1488 2492 1540 2519 1:0-

914 2559 1001 2580 nera
1021 2563 1070 2570 -
1088 2542 1281 2578 translatio
1289 2549 1305 2582 ,⁴
1328 2552 1400 2588 pro
1419 2540 1540 2575 mocle-

913 2599 1010 2639 rata'.
1036 2600 1118 2633 levi.

972 2653 1061 2688 166.
1089 2649 1318 2687 Accendemli
1335 2648 1466 2691 iudicis
1487 2666 1540 2695 f-

913 2709 1058 2756 gradus.
1115 2705 1238 2742 Modo
1257 2715 1382 2741 totum
1399 2702 1477 2738 hoc
1492 2701 1539 2740 ad
