1696 3016
265 272 330 321 ιι,
564 258 636 305 Μ.
682 259 814 305 FAB.
867 259 1298 321 QUINTILIANI·

1567 348 1592 373 ,

262 387 428 444 enim,
467 395 519 433 et
550 394 858 442 :moventurf
892 385 1279 449 excipimusque
1310 401 1449 434 nova
1470 385 1577 443 illa,

260 463 412 511 velut
449 459 729 516 nascentia,
776 476 896 508 cum
928 459 1107 525 favore
1139 475 1195 506 ac
1231 458 1574 509 solicitudine

261 539 377 585 Nec
399 534 608 584 fortuna
633 534 794 583 modo
821 534 1018 594 judicii,
1040 533 1126 581 sed
1148 535 1301 582 etiam
1323 533 1576 600 ipsorum,

140 662 141 665 ,
193 636 241 670 ¹7
263 612 358 676 qui
390 620 566 666 orant,
604 610 839 673 periculo
873 608 1137 657 afficimur.
1211 611 1416 657 Praeter
1432 611 1587 667 haec‚'

262 697 447 736 vox-et
484 686 616 733 actio
651 684 860 742 decora,
911 683 1211 741 commoda,
1261 694 1323 732 ut
1356 686 1576 750 quisque

310 845 555 896 solicitudine.
612 845 742 881 Turic.
770 845 870 882 Flor.
894 844 1010 883 Goth.
1029 844 1117 891 (tam
1139 846 1271 890 Gesn.)
1300 843 1429 894 Camp.
1442 842 1575 893 solitu-

262 903 357 938 dine.
390 902 434 937 cf.
459 911 493 946 9,
509 904 553 941 ’2,
576 909 639 935 20.
681 901 722 940 6,
757 914 801 942 1,
837 908 899 944 18.

350 965 410 999 17.
435 968 506 991 νοτ
526 965 560 989 et
579 957 684 991 actio.
742 955 843 993 Flor.
871 959 916 1001 (a
935 969 993 1004 pr.
1011 958 1089 999 m.)
1130 956 1276 992 omittit
1297 965 1344 994 at.
1483 971 1576 993 com.-

261 1013 392 1050 moda,
419 1019 459 1045 ut
488 1013 644 1058 quisque.
715 1011 845 1045 Tul-ic.
876 1011 978 1054 Flor.
1013 1013 1218 1047 commodat
1244 1020 1308 1046 aut
1337 1013 1574 1060 quisquisque.

261 1083 282 1104 a
309 1069 375 1102 sec,
405 1079 455 1101 m.
485 1077 644 1112 uterque
672 1084 725 1095 -ι-
755 1067 1031 1116 quidquisque.
1060 1078 1097 1101 et
1122 1069 1168 1102 fic
1186 1065 1297 1102 Bodl.
1355 1068 1427 1102 Sed
1448 1067 1574 1102 Guelf.

260 1123 356 1163 Jenr.
383 1121 480 1166 (tac.
513 1121 654 1164 Gesn.)
683 1123 887 1156 commodat
915 1131 954 1156 ut
986 1123 1071 1169 quicl
1102 1125 1250 1171 quisque
1279 1135 1365 1158 cum
1386 1122 1469 1157 edd.
1491 1134 1574 1158 ante

261 1177 348 1214 Ald.
378 1176 602 1211 commendat
631 1185 670 1210 ut
699 1177 786 1224 quid
814 1179 960 1224 quisque
989 1178 1118 1224 Camp.
1151 1191 1237 1212 cum
1266 1178 1382 1212 Goth.
1413 1178 1514 1213 Voff.
1537 1189 1574 1214 2.

260 1231 360 1271 vall.
388 1228 468 1267 Bal.
495 1231 586 1265 Bad.
615 1231 681 1265 sec.
712 1231 859 1266 Cervic.
887 1233 979 1267 item
1008 1231 1094 1267 Ald.
1114 1233 1172 1267 fed
1191 1233 1256 1267 hic
1276 1234 1350 1268 fine
1372 1242 1425 1270 ut.
1481 1232 1574 1280 Bad.

259 1300 318 1337 pr.
342 1286 610 1322 commendatur
628 1286 715 1333 quid
735 1287 882 1334 quisque
904 1300 950 1321 ex
971 1287 1083 1333 Regii
1103 1298 1316 1335 praecepto·
1351 1287 1435 1322 Alii
1453 1287 1574 1323 aliter·

258 1342 462 1379 Nostrum,
491 1341 533 1375 in
562 1353 644 1374 mea
673 1336 828 1387 quidem
858 1340 1104 1389 supellectili,
1134 1342 1301 1389 primum
1322 1354 1514 1390 comparet
1532 1343 1576 1378 in

259 1408 378 1443 marg.
415 1395 602 1434 Choueti,
650 1405 750 1430 recte
795 1407 944 1431 erutum
981 1410 999 1432 e
1026 1397 1306 1438 vctustiffimis;
1350 1398 1451 1432 unde
1476 1397 1576 1433 male

260 1450 415 1486 deflexit
447 1451 542 1494 Qbr.
578 1450 705 1485 hisce:
759 1452 1031 1486 accommodata
1062 1453 1111 1486 ad
1138 1453 1225 1498 quid
1254 1454 1424 1500 quisqam
1469 1454 1575 1487 Ricc-

258 1506 536 1541 accommodata
564 1513 603 1539 ut
634 1505 721 1552 quid
745 1507 912 1552 quisque;
951 1507 1044 1541 item
1074 1506 1218 1541 Bestius
1248 1506 1293 1541 de
1321 1509 1404 1542 Rat.
1426 1507 1575 1543 emend.

258 1560 333 1609 leg.
358 1559 565 1606 conjiciens
596 1559 838 1595 commodabit
858 1561 946 1611 quid
966 1563 1125 1611 quisque.

259 1705 373 1727 nerus
392 1689 515 1730 efficit,
535 1690 720 1726 ambitum
736 1690 804 1726 ess'e
817 1702 887 1740 pro

260 1746 495 1794 descriptIOne
548 1748 622 1780 five
676 1746 886 1795 periphrasi.

258 1801 423 1836 Facilius
455 1801 571 1835 feram
594 1800 740 1841 habitu,
771 1814 887 1848 quan·

260 1869 375 1904 quam
425 1865 462 1890 et
502 1857 624 1903 ipsum
663 1857 747 1891 satis
786 1869 887 1892 nove

258 1911 414 1945 dictum.
472 1911 641 1946 Pertinet
680 1921 804 1946 tamen
842 1911 888 1945 ad

258 1979 370 2001 omne
401 1976 663 2012 tegumentum
698 1966 886 2006 exterius;

256 2031 301 2055 ut
323 2020 371 2054 est
390 2033 448 2067 ap.
469 2021 547 2055 Cic.
567 2021 611 2056 de
633 2020 737 2056 Orat.
761 2029 797 2063 5,
824 2028 886 2064 52.

255 2075 425 2116 „habitus
473 2076 654 2111 orationis
701 2086 738 2110 et
788 2077 888 2123 quali

257 2129 401 2166 colol'“.
459 2131 595 2165 Noster
617 2127 664 2170 6,
688 2139 724 2173 5,
746 2131 809 2166 26.
850 2142 886 2177 9,

259 2191 295 2226 4,
317 2191 380 2230 54.
410 2186 578 2226 „habitus
601 2186 719 2221 01·is“.
762 2186 887 2220 Land-

257 2239 407 2275 fidelius
452 2241 624 2274 ambitum
666 2241 889 2288 interpreta-

257 2305 322 2329 tur
349 2294 610 2334 „artificiosam
639 2296 887 2343 comprehen-

257 2350 423 2388 „fionem
451 2360 562 2397 atque
593 2350 887 2397 explicationem

255 2416 411 2444 „rerum
442 2404 487 2438 ad
516 2405 774 2452 aucupandam
805 2417 887 2452 gra-

257 2458 414 2498 „tian1“.
493 2459 706 2506 Respondet
753 2459 888 2506 utique

259 2514 412 2560 imagini
442 2512 505 2548 hic
533 2515 606 2548 five
639 2514 795 2549 ambitus
813 2515 887 2549 five

257 2567 410 2607 habitus,
441 2579 760 2615 opponunturque
780 2568 889 2603 simul

257 2623 361 2656 rebus
378 2622 471 2671 ipfiS.
534 2623 653 2657 Modo
667 2622 819 2670 spiritus
839 2624 888 2658 est

257 2676 360 2712 calor
391 2687 428 2713 et
449 2677 689 2712 vehementia
713 2678 885 2718 dicentis,

255 2743 335 2767 non
356 2732 532 2780 quidem,
564 2742 608 2767 ut
627 2731 887 2768 Melanthonis

943 1692 1018 1726 fert
1058 1691 1179 1736 ragio,
1229 1695 1330 1731 υὶιας
1380 1705 1450 1729 nec
1489 1693 1575 1731 satis

942 1747 1066 1794 probo
1092 1746 1316 1794 Stigelium‚
1346 1749 1416 1796 qui
1439 1757 1577 1783 motum

943 1803 997 1836 ait
1024 1803 1094 1836 effe
1125 1802 1308 1838 orationis
1336 1804 1434 1851 „qui
1462 1804 1505 1838 fit
1526 1814 1575 1838 ex

942 1857 1053 1902 „jure
1092 1857 1360 1892 sententiarum
1399 1869 1437 1894 et
1474 1858 1574 1893 sche-

941 1917 1106 1952 ‚‚mate.“

1006 1979 1022 2000 1
1031 1977 1067 2007 7.
1100 1968 1246 2002 Praeter
1270 1967 1356 2003 haec
1365 1987 1419 1996 —
1432 1969 1574 2004 docem.

942 2021 1124 2057 Plurimis
1136 2022 1438 2072 brevissimisque
1450 2024 1574 2060 incifis

944 2077 1126 2112 faciendis
1180 2077 1388 2124 elegantem
1431 2079 1575 2114 sensum

943 2132 1149 2179 patefacere
1171 2142 1325 2166 conatus
1348 2134 1439 2172 sum,
1469 2133 1576 2180 quod

945 2187 1100 2234 quidem
1131 2187 1227 2222 viris
1260 2187 1482 2223 doctiffimis
1510 2195 1576 2237 pai·

943 2254 1030 2276 rum
1050 2241 1206 2289 probari
1226 2254 1303 2276 non
1322 2243 1473 2290 ignoro.
1505 2244 1575 2290 qui

944 2296 1031 2330 talia
1051 2297 1267 2342 adjumenta
1282 2297 1574 2345 perspicuitatis.-

942 2351 1138 2386 veteribus
1179 2350 1396 2398 incognita,
1433 2351 1575 2387 iisdem

943 2404 1141 2440 neceffaria
1179 2416 1328 2452 negant.
1397 2406 1574 2443 Attamen

944 2461 1011 2501 fic,
1042 2470 1086 2494 ut
1115 2459 1213 2499 feci,
1239 2473 1260 2493 a
1280 2461 1353 2507 Qu.
1381 2460 1461 2508 ipso
1480 2461 1574 2496 haee

943 2514 1051 2548 fuiss'e
1070 2514 1230 2549 diremta
1248 2514 1424 2563 intelligo
1439 2541 1449 2556 ,
1480 2515 1574 2564 ipfa-

945 2581 1018 2616 qne
1058 2569 1224 2604 nasceme
1264 2582 1310 2604 ex
1348 2570 1419 2604 hac
1455 2570 1574 2605 inter-

943 2624 1139 2658 stinctione
1188 2623 1371 2672 elegantia
1410 2625 1572 2665 docem-3

944 2691 1038 2725 quae
1061 2689 1104 2712 nt
1118 2678 1245 2726 primo
1259 2692 1413 2726 quoque
1426 2680 1574 2726 aspectu

943 2732 1151 2780 unicuique
1175 2743 1319 2782 pateret
1335 2732 1483 2774 lectori,
1509 2732 1574 2768 8ᾶέ
