1696 3016
147 221 225 260 111
582 215 1019 261 PRAEFATIO.

145 351 282 398 Nam
298 365 428 413 quae
450 351 535 398 vel
559 350 932 413 grammaticam
957 349 1041 397 vel
1064 349 1212 396 aliam
1237 349 1304 397 ob
1325 367 1443 400 cau-

142 434 246 486 sam
269 435 332 483 ad
347 435 654 485 mutandum
674 444 869 482 textum
885 439 1190 494 conjectata,'
1205 447 1292 484 aut
1313 454 1442 500 quae

141 521 328 569 eodem
357 537 419 568 ex
451 537 633 584 genere
665 519 924 568 observata
951 518 1092 577 sunt,v
1113 523 1170 568 in
1198 522 1261 569 iis
1290 523 1441 586 plane

140 605 487 654 desideramus
515 605 781 653 subactum
810 605 947 654 illud
970 608 1283 670 grammatici
1305 607 1440 666 iudi-

140 693 297 749 cium,
335 690 442 738 sine
476 707 579 754 quo
607 693 663 738 in
692 691 773 744 his,
807 691 988 739 litteris
1017 689 1153 738 effici
1181 693 1317 739 nihil
1345 709 1443 758 po-

138 776 243 824 test.
321 776 478 844 Quod
506 793 571 826 ne
603 776 786 827 durius
815 774 989 826 dixisse
1026 777 1219 835 videar,
1246 784 1439 842 ponam

136 862 224 909 hic
239 860 513 926 specimina
534 862 795 925 quaedam.
824 863 994 918 Velut,
1019 879 1138 910 cum
1150 864 1206 910 in
1230 864 1310 911 his
1324 880 1438 911 ver-

136 947 216 996 bis
229 950 251 1014 (
265 966 302 1006 1,
323 966 337 994 1
352 985 365 1004 ,
377 961 404 1004 5
416 952 485 1010 6.)
498 944 829 1018 Prosequitur
839 947 960 996 haec
970 952 1206 997 memoria
1218 948 1441 1011 (senten-

134 1034 325 1082 tiarum
337 1034 399 1082 ad
411 1035 753 1083 imitationem
765 1033 1020 1082 scribendi
1034 1034 1228 1099 propos
1226 1034 1451 1099 italum)-

134 1122 185 1166 z‘n
212 1115 535 1189 senectutem,
568 1131 617 1169 et
646 1116 892 1191 impressa
930 1124 1094 1169 animo
1135 1122 1249 1168 rudi
1280 1138 1438 1185 usque

133 1206 205 1252 ad
234 1222 395 1254 mores
419 1204 686 1274 proficiet,
743 1205 857 1255 satis
888 1203 1117 1255 dilucide
1145 1223 1172 1254 a
1203 1206 1437 1271 Spaldin-

132 1292 221 1354 gio
251 1292 530 1355 explicitis,
564 1293 770 1357 Sarpius
806 1310 934 1342 voce
968 1311 1126 1357 usque
1157 1291 1453 1356 significari„

132 1378 249 1424 vult
269 1373 479 1447 semper
517 1377 624 1427 five
654 1396 751 1442 per
787 1389 944 1428 totam
976 1383 1153 1435 vitam,
1177 1380 1234 1426 in
1266 1395 1455 1441 eoque.

130 1461 230 1511 usu
274 1463 634 1514 confirmando
676 1465 1077 1513 Ahnelovenum
1115 1474 1166 1510 et
1200 1463 1435 1529 Spaldin-

127 1550 277 1613 gium
305 1565 415 1598 non
439 1560 649 1598 veretur
685 1551 962 1600 admonere
993 1551 1262 1598 Horatiani
1283 1550 1434 1598 'illius

125 1645 294 1683 tamen
325 1653 490 1699 usque
511 1648 747 1694 recurret,
770 1639 865 1684 alia
890 1635 940 1684 se
963 1637 1236 1700 praeterire
1257 1635 1433 1684 dicens

126 1722 366 1785 exempla,
391 1738 553 1785 „quae
582 1721 683 1770 sint
706 1717 801 1770 ὅσα
819 1717 1078 1783 ψάμαθός
1098 1737 1146 1766 τε
1167 1717 1309 1777 κόνις
1328 1726 1430 1769 τε“.·

126 1807 218 1871 qui
239 1805 281 1854 si
303 1808 391 1855 vel
409 1808 570 1855 lexica
597 1800 896 1872 inspexiffet‚
917 1806 1167 1871 prosariae
1185 1808 1432 1856 orationis

126 1893 358 1957 exempla
398 1892 613 1946 nonnisi
648 1893 958 1958 pauciffima,
1007 1892 1049 1940 si
1091 1895 1233 1942 locos
1272 1892 1436 1957 ipsos,

124 1978 271 2027 nulla
291 1977 574 2028 inveniffet.
652 1978 870 2036 Sedfac,
895 1981 965 2026 ita
984 1981 1258 2028 Cicerones
1281 1980 1434 2027 etiam

124 2074 176 2111 et
198 2065 547 2130 Quintilianos
566 2067 769 2116 locutos
789 2063 913 2112 effe:
949 2082 1016 2112 ne
1047 2065 1183 2116 illud
1217 2064 1431 2129 quidem

124 2149 342 2198 attendit
370 2152 454 2199 vir
483 2151 691 2208 doctus„
719 2152 1027 2216 *particulas
1063 2169 1221 2216 usque
1257 2152 1327 2198 ad
1358 2149 1428 2197 sic

121 2239 318 2296 junctas
347 2236 508 2285 nullis
533 2237 784 2287 machinis
816 2236 1049 2285 distineri
1074 2235 1224 2302 posse.
1264 2237 1454 2285 Paulo„

120 2320 722 2386 superinsin-ejusdem
753 2324 929 2388 capitis
962 2327 1004 2390 §3
1031 2332 1114 2384 24.
1142 2336 1224 2380 25.
1260 2324 1427 2391 Quin-

120 2410 332 2458 tilianus
381 2409 667 2456 litterarum
709 2410 924 2464 nomina
966 2419 1020 2456 et-
1055 2407 1239 2456 seriem
1283 2410 1428 2474 prius

119 2510 278 2559 quam
312 2492 504 2543 formas
543 2493 728 2554 docere
760 2511 954 2559 pueros
997 2505 1157 2553 vetat;
1232 2493 1454 2543 obstare'

121 2582 259 2629 enim
273 2578 365 2636 7ch
374 2582 622 2648 agnitioni
634 2596 824 2644 earum,
837 2597 932 2630 non
943 2578 1299 2628 intendentibus
1309 2597 1426 2628 mox
1442 2606 1450 2622 ·.

120 2669 337 2716 animum
369 2667 440 2715 ad
456 2660 605 2736 ,ipsos
634 2664 841 2736 ductus,
902 2666 1021 2724 dum
1060 2666 1425 2720 antecedentem
