1676 3028
380 257 544 303 INST.
581 254 861 303 ORATOR.
895 255 1018 300 LIB.
1054 252 1140 311 XI,
1178 266 1223 310 3.
1369 264 1466 315 403

129 383 247 436 mul
279 385 445 451 capite
473 395 629 450 atque
660 382 898 433 humeris
926 378 1116 431 sensim
1144 380 1211 429 ad.
1239 379 1315 438 id,
1355 398 1467 446 quo

129 479 318 513 manus
349 460 581 522 feratur,
620 459 1121 512 obsecundantibus:
1174 469 1226 507 et
1252 459 1312 507 in
1344 476 1467 508 nar-

105 532 298 589 'rando
333 551 525 598 certus,
565 538 655 588 sed
686 550 803 589 tum
837 537 998 603 paulo
1029 535 1375 602 productior:
1415 547 1468 586 et

127 617 188 665 in
211 617 579 683 exprobrando
611 628 662 666 et
693 614 1028 681 coarguendo
1065 631 1180 663 acer
1206 625 1362 679 atque
1383 615 1469 663 in·-

126 692 277 743 stans.
335 696 575 760 Longius
606 695 750 743 enim
783 692 1018 760 partibus
1049 692 1133 741 his
1165 702 1217 740 et
1244 692 1468 742 liberius

36 773 374 821 2019exeritur.
443 770 640 822 Vitiose
669 788 799 821 vero
837 770 983 819 idem
1015 768 1283 820 sinistrum
1319 767 1467 835 quasi
1491 781 1545 822 95

125 848 416 898 humerum
453 859 639 914 petens
680 850 738 898 in
785 848 920 897 latus
965 849 1048 912 agi
1086 846 1244 895 solet:
1301 864 1468 912 quan-

124 940 286 989 quam
327 926 502 974 adhuc
540 930 691 992 pejus
740 926 909 989 aliqui
950 923 1308 973 transversum
1349 925 1469 973 bra-

123 1001 306 1051 chium
327 1001 624 1069 proferunt,
646 1013 699 1051 et
723 1002 905 1051 cubito
925 1003 1297 1066 pronunciant.
1336 1003 1468 1051 Duo

108 1095 339 1145 quoque
378 1079 546 1128 medii
587 1078 683 1128 sub
716 1078 969 1146 pollicem
999 1079 1257 1127 veniunt:
1312 1089 1364 1126 et
1392 1076 1469 1126 est

117 1155 207 1221 hic
237 1156 410 1207 adhuc
439 1159 620 1223 priore
654 1155 828 1223 gestus
852 1154 1155 1214 instantior,
1194 1151 1466 1223 principio

119 1242 173 1280 et
191 1236 482 1284 narrationi
502 1252 614 1283 non
639 1232 1077 1283 accommodatus.
1127 1236 1195 1282 At
1217 1251 1339 1282 curn
1362 1244 1465 1282 tres
1489 1249 1543 1292 94

121 1312 374 1360 contracti
395 1311 590 1378 pollice
609 1321 932 1378 premuntur
945 1328 960 1370 3
993 1320 1110 1359 tum
1134 1309 1333 1376 digitus
1358 1311 1467 1373 ille,

260 1455 514 1502 coarguendo.
556 1454 619 1489 Sic
649 1453 919 1490 Turic.Flo1-.
959 1453 1096 1489 Ambr.
1119 1461 1156 1488 2.
1198 1449 1329 1488 Guelf.
1374 1464 1468 1487 cum

118 1506 232 1544 Bam.
269 1512 308 1545 in
337 1512 528 1558 arguendo
553 1509 672 1546 Goth.
698 1510 796 1554 Jens.
819 1509 910 1557 (tac.
933 1510 1061 1554 Gesn)
1085 1521 1175 1544 cum
1199 1507 1285 1542 edd.
1309 1507 1467 1554 postem

118 1575 206 1600 ante
249 1567 400 1617 Gryph.
454 1566 616 1615 Reliqui
649 1581 713 1602 ιιι-ο
691 1568 853 1615 g.uendo
1144 1564 1212 1600 his.
1265 1563 1468 1599 Omittunt:

115 1621 248 1659 Turio.
273 1623 378 1660 Flor.
400 1636 489 1659 cum
519 1622 620 1660 Alm.
644 1624 771 1659 nescio
793 1637 840 1660 an
862 1634 988 1664 recte,
1019 1622 1115 1657 sicut
1138 1634 1201 1662 10,
1229 1634 1262 1662 1,
1285 1627 1350 1665 88.
1378 1634 1467 1669 par-

114 1677 210 1713 tibus
240 1679 387 1716 dicitur
405 1694 479 1729 pro
503 1681 649 1729 aliquot.
667 1681 847 1728 partibus.
886 1682 1093 1728 Receptam
1114 1676 1337 1725 ταυτολογίᾳ
1357 1676 1467 1714 labo·

113 1745 198 1770 tare
222 1735 340 1772 dicas.
373 1739 405 1771 is
424 1737 608 1772 Amb1·.2.
636 1738 681 1770 iis
705 1737 839 1785 Camp.
861 1749 950 1771 cum
976 1736 1060 1771 edd.
1081 1745 1168 1770 ante
1190 1733 1304 1770 Bam.

201 1821 266 1859 95.
298 1802 405 1850 ulem.
436 1814 570 1850 Ambr.
592 1822 630 1848 2.
662 1815 702 1848 id
723 1811 784 1861 est.
818 1813 946 1850 Gueff.
971 1815 1066 1861 Exc.
1088 1815 1248 1848 Santen..
1266 1812 1328 1848 acl.
1362 1814 1465 1849 Mox

107 1864 147 1916 Ji
176 1866 335 1915 'nostrum
365 1885 400 1921 q.
428 1884 614 1905 numerum
635 1871 769 1907 Turic.
793 1870 898 1907 Flor.
920 1870 1005 1915 (hic
1029 1880 1067 1905 et
1084 1869 1231 1913 mox§.
1254 1875 1320 1917 94.
1340 1883 1464 1905 nume-

113 1937 216 1965 rum,
249 1925 319 1962 ubi
339 1926 444 1962 idem
471 1927 622 1976 Camp.)
648 1940 735 1963 cum
754 1927 858 1964 Alm.
882 1928 1031 1962 brachio
1052 1927 1151 1965 Jens.
1174 1938 1261 1960 cum
1284 1925 1370 1962 edd.
1391 1938 1464 1973 po-

112 1979 217 2017 sterr.
247 1993 334 2018 ante
363 1981 450 2019 Ald.
474 1982 696 2032 suppollunc
722 1987 877 2020 veniunt
899 1983 1006 2026 Vols.
1021 1992 1059 2026 5.
1082 1982 1155 2018 adh
1161 1997 1203 2017 uc
1221 1997 1260 2029 p]
1261 1985 1327 2017 ior
1351 1994 1464 2028 aege-

102 2033 189 2085 fi'as
217 2038 323 2079 Voss'.
353 2051 386 2075 1.
414 2041 579 2074 narratio
612 2040 743 2076 Turic.
777 2042 806 2075 Γ
809 2040 882 2077 lor
914 2040 1170 2076 commodatus
1199 2037 1331 2073 Turic.
1355 2036 1464 2074 Flor.

109 2093 246 2130 Ambr.
264 2104 301 2130 2.
335 2094 431 2142 (hic
463 2106 501 2132 et
528 2094 688 2145 adhuic)
721 2096 848 2133 Guelf.
879 2098 975 2133 Exc.
1005 2097 1158 2132 Santen.
1182 2107 1274 2130 cum
1293 2094 1399 2135 Vols.
1426 2108 1464 2130 1.

107 2149 226 2188 Bern.
254 2150 418 2188 Omittit
438 2166 512 2202 ηομ
533 2153 667 2202 Camp-

198 2224 266 2268 94.
300 2227 377 2257 tum
396 2221 550 2269 digitus.
579 2220 714 2256 Turic.
729 2221 864 2270 Camp.
887 2229 971 2256 tunc
990 2220 1026 2257 d.
1048 2231 1086 2256 et
1105 2219 1168 2259 fic,
1184 2219 1339 2269 opinor,
1352 2216 1460 2256 Flor.

107 2287 282 2324 quoque,
315 2290 371 2312 ex⁴
386 2291 465 2326 quo
484 2276 535 2320 ιέ,
563 2276 636 2312 ubi
655 2277 824 2326 suspicor
847 2277 919 2314 effe
942 2277 991 2315 ff.
1015 2277 1063 2313 cf.
1084 2275 1287 2313 Drakenb.
1310 2274 1461 2310 adLiv.

109 2337 150 2368 2,
180 2342 245 2374 12,
284 2339 347 2377 15.
377 2334 482 2370 Coi-t.
516 2333 562 2368 ad
594 2332 692 2368 Plin.
725 2334 826 2383 Epp.
850 2349 906 2383 Ι1,
935 2343 995 2379 15.
1018 2345 1101 2370 not.
1129 2339 1164 2378 4.
1199 2332 1298 2372 Jens.
1320 2345 1399 2366 cum
1420 2330 1464 2377 d,

105 2395 200 2421 cum
236 2389 319 2426 cdd.
346 2390 506 2441 posterr.
537 2400 623 2425 ante
643 2389 737 2427 Bad.
779 2390 906 2428 Modo
923 2390 1048 2442 Atque
1069 2388 1198 2428 Guelf.
1221 2389 1366 2426 obtinet
1384 2399 1459 2437 pro

165 2507 290 2556 adid,
321 2521 407 2558 quo.
433 2508 480 2544 cf.
502 2519 585 2546 not.
610 2513 695 2547 crit.
810 2513 947 2551 „Orat-
970 2523 1007 2553 2,
1029 2519 1097 2557 45.
1129 2525 1177 2544 ox
1197 2509 1356 2557 persona
1377 2507 1458 2544 Au·

160 2563 298 2614 sensim
327 2585 382 2593 -—
412 2563 751 2614 obsecundantibus.
810 2567 962 2609 „toniiz
1003 2567 1109 2619 Quae
1141 2565 1341 2601 mehercule
1373 2578 1459 2612 ego,

110 2619 302 2658 Redditur
327 2621 435 2658 idem
463 2634 560 2659 mox
597 2626 632 2673 5.
661 2636 754 2662 ioo·
810 2623 988 2673 „Gt-affe,
1020 2637 1100 2660 cum
1130 2638 1154 2659 a
1188 2631 1224 2658 te
1253 2630 1460 2657 tractantur

104 2674 176 2726 sub
193 2675 480 2726 affentientihus.
811 2682 881 2722 „in
900 2680 1027 2730 causis,
1056 2681 1201 2716 horrere
1210 2677 1342 2728 soleo.-
1371 2688 1458 2713 tan-

164 2733 332 2782 panibus
343 2736 408 2774 his.
420 2738 468 2773 cf.
480 2747 562 2774 not.
576 2737 662 2773 crit.
812 2747 880 2779 „ta
908 2740 965 2774 vis
975 2740 1107 2778 animi,
1138 2746 1262 2774 tantus
1284 2737 1458 2785 impetus,

118 2819 121 2821 .
169 2794 232 2838 94.
265 2792 402 2841 digitus
430 2794 510 2845 ille.
549 2793 663 2838 „Cio-
700 2793 749 2833 de
804 2804 958 2835 „tantus
979 2796 1118 2846 dolor,
1155 2792 1295 2838 oculis,
1333 2791 1456 2839 vultu,

927 2875 1046 2914 cca
