1676 3028
258 217 350 262 328

528 192 532 197 “
567 208 640 253 Μ.
670 206 798 254 FAB.
837 210 1240 269 QmNTimANJ

253 347 391 388 nem,
429 341 517 380 aut
550 332 702 379 etiam
730 330 992 380 silentium
1014 332 1246 393 inducat;
1285 334 1549 399 tutiusque

252 407 445 463 multo,
472 405 870 471 comprehensis
913 408 1087 455 animo
1118 409 1269 457 rebus
1303 407 1448 474 ipsis,
1487 410 1550 456 li-

183 491 233 533 49
253 481 499 528 ber-tatem
518 481 616 528 sibi
643 481 925 544 eloquendi
952 483 1258 545 relinquere.

1333 485 1471 532 Nam
1500 494 1550 531 et

250 557 449 603 invitus
472 556 643 620 perdit
666 558 886 619 quisque
908 555 980 612 id,
1006 557 1148 619 quod
1170 557 1402 621 elegerat,
1434 574 1552 606 ver-

250 631 407 678 bum:
443 647 538 677 nec
563 629 711 678 facile
735 632 941 695 reponit
964 632 1122 689 aliuss
1154 630 1280 679 dum
1300 630 1372 687 id,
1409 632 1553 694 quod

251 703 529 767 scripserat,
561 706 774 767 quaerit.

850 705 950 753 Sed
970 723 1036 754 ne
1056 707 1158 754 hoc
1177 705 1391 769 quidem
1410 704 1554 754 infir-

249 795 367 826 mae
390 781 668 828 memoriae
689 779 979 829 remedium
999 780 1084 838 est,
1126 779 1226 830 nisi
1247 782 1304 828 in
1323 782 1414 838 iis,
1459 781 1553 844 qui

250 852 347 900 fibi
376 852 679 914 facultatem
717 856 943 918 aliquam
981 855 1189 904 dicendi
1223 872 1285 903 ex
1316 859 1638 921 ternpore99⁶

650 930 806 998 Quod
830 929 872 977 si
895 932 980 979 cui
1001 941 1285 994 utrumque
1311 929 1552 988 defuerit,

247 940 572 992 paraverunt.

248 1004 374 1051 huic
408 1005 645 1052 omittere
676 1006 894 1053 omnino
928 1016 1096 1054 totum
1127 1007 1387 1053 actionum
1413 1005 1555 1053 labo-

248 1095 384 1135 rem,
423 1078 465 1125 si
490 1079 619 1142 quid
649 1081 706 1126 in
733 1080 918 1128 litteris
944 1081 1095 1137 valet,
1132 1080 1198 1127 ad.
1227 1078 1556 1128 scribendum

248 1155 424 1217 potius
440 1151 665 1203 suadebo
689 1163 1007 1203 convertere.
1062 1155 1162 1203 Sed
1182 1155 1306 1202 llaec
1331 1162 1444 1203 rara
1474 1156 1556 1202 in-

179 1235 228 1271 50
250 1226 467 1275 felicitas
503 1229 612 1276 erit.
675 1229 921 1278 Ceterum
954 1240 1209 1293 quantum
1237 1239 1420 1276 natura
1451 1228 1557 1277 stu-

249 1302 446 1366 dioque
455 1304 620 1351 valeat
635 1305 901 1361 memoria,
915 1306 1000 1353 vel
1011 1301 1381 1382 Themistocles
1399 1303 1553 1362 testis,

331 1441 396 1481 49.
427 1436 587 1482 elegerat
605 1453 661 1462 --—
682 1416 766 1468 dum
792 1435 841 1474 id,
870 1436 976 1482 quod.
1021 1436 1150 1470 Turic-
1173 1435 1320 1471 omittit
1338 1446 1424 1468 cum
1451 1432 1550 1469 Alm.

246 1503 326 1525 non
336 1490 436 1526 Hor.
455 1491 486 1525 is
511 1491 610 1524 enim
630 1490 738 1525 verbo
758 1502 829 1537 pro
849 1490 994 1525 verbum
1015 1490 1080 1533 (cf.
1099 1491 1195 1536 45.)
1218 1491 1347 1536 Camp.
1361 1489 1443 1522 dum
1455 1488 1552 1535 quod

245 1557 317 1593 pro
348 1546 383 1580 d.
406 1546 443 1579 id
465 1559 500 1592 q.

723 1554 954 1592 paraverunt.
983 1543 1084 1579 Flor.
1120 1547 1166 1588 (a
1195 1557 1252 1592 pr.
1281 1544 1362 1586 m.)
1393 1542 1549 1579 omittit.

247 1601 378 1648 Camp.
407 1608 724 1648 praeparaverunt.
753 1600 873 1634 Modo
895 1599 1023 1634 Turic.
1054 1612 1144 1646 quae
1165 1598 1260 1646 sicut
1278 1598 1412 1645 facult.
1454 1597 1553 1633 Mssox

246 1655 375 1690 Turio.
396 1669 464 1704 quo
490 1667 560 1701 pro
585 1655 702 1704 Quod,
727 1664 764 1687 et
785 1654 929 1689 omittit
953 1656 1018 1693 σιιὶ,
1039 1664 1080 1688 ut
1096 1664 1133 1688 et
1144 1653 1245 1688 flor.
1266 1653 1346 1698 (sed
1365 1652 1429 1687 hic
1453 1665 1472 1685 a
1491 1666 1549 1700 pr.

245 1710 329 1756 m.).
371 1713 466 1745 Item
489 1710 619 1744 Turio.
648 1710 867 1744 committere
885 1722 955 1756 pro
976 1709 1149 1743 omittere.
1177 1709 1306 1743 Turio.
1332 1706 1432 1742 Flor.
1459 1702 1553 1757 (sed

244 1764 311 1799 liic
330 1779 348 1798 a
370 1779 427 1813 pr.
451 1759 539 1813 m.)
570 1766 758 1810 integritas
780 1775 850 1810 pro
874 1763 1071 1810 infelicitasx
1096 1775 1182 1797 cum
1203 1761 1303 1798 Alm.
1346 1763 1419 1796 Pro
1441 1763 1551 1808 impe-

244 1821 353 1854 rabat
380 1819 495 1855 Goth.
529 1821 720 1866 imperavit
747 1830 834 1852 cum
862 1819 958 1856 Jens.
979 1827 1014 1852 et
1040 1817 1122 1853 edd.
1151 1828 1234 1853 ante
1256 1815 1342 1853 Ald.
1365 1829 1439 1852 acc.
1457 1816 1550 1853 Bad.

246 1875 320 1910 Sed
340 1876 469 1923 Camp.
490 1876 693 1922 imperaret.

301 1984 367 2021 49.
423 1982 627 2009 convertere
672 1972 869 2019 intelliget

244 2028 372 2070 „illud
394 2030 498 2077 quod
518 2030 558 2063 in
581 2028 716 2063 litteris
736 2027 875 2063 valet.“

304 2091 367 2126 50.
411 2081 676 2130 Themistocles.
723 2109 745 2123 ,‚
760 2082 872 2130 Apud

243 2139 446 2186 ,‚Thucyd.
466 2153 498 2178 1,
516 2147 602 2181 157.
625 2151 789 2174 annuum
804 2138 873 2173 sibi

245 2204 422 2241 „tempus
452 2193 532 2227 dari
551 2193 668 2239 petit,
708 2204 749 2228 ut
767 2202 873 2240 paret

244 2250 307 2290 „se
328 2250 372 2282 ad
394 2248 631 2295 colloquium
655 2248 776 2295 regis:
810 2248 872 2281 de·

245 2304 363 2344 „inde
388 2316 419 2338 c.
444 2310 530 2346 158.
570 2303 585 2336 ὃ
609 2300 636 2336 δ’
666 2303 698 2337 ἐν
719 2302 769 2347 τῷ
787 2301 874 2349 χρό-

245 2373 315 2404 ,,ν;ρ
331 2377 380 2386 -—-
391 2358 452 2401 τῆς
471 2371 507 2391 τε
520 2356 693 2404 Περσίδος
708 2358 873 2404 γλώσσης

244 2410 335 2454 »ὅσα
349 2411 497 2456 ἠδύνατο
518 2412 713 2455 κατενόησε,
725 2410 786 2445 καί
805 2416 871 2445 τῶν

245 2467 552 2512 ,ἐπιτηδευμάτων
569 2467 629 2510 τῆς
647 2469 780 2515 χώρας.
804 2467 871 2503 Vi-

247 2523 332 2563 ‚‚de,
347 2537 460 2570 quam
481 2523 756 2570 circumspecte.
787 2521 874 2555 Plu·

247 2578 424 2618 „tarchus
436 2590 570 2624 augere
580 2577 732 2612 videtur
743 2586 804 2623 με
813 2586 874 2622 29.

248 2632 326 2672 „H.
347 2632 503 2679 Stepll.“
532 2630 767 2678 [Wechel.p.
786 2630 872 2666 126.

250 2685 315 2728 d.]
338 2684 542 2728 „Telum-riv
564 2684 791 2731 αἰτησάμενος
816 2683 874 2719 καὶ

928 1969 1014 2016 „⁷31⁹
1054 1969 1214 2020 Περσίδα
1257 1975 1424 2020 ’γλῶσσαν
1469 1967 1555 2005 οἶτο-

928 2028 1116 2074 ,,χρώντως
1133 2028 1306 2072 ἐκμαθών.
1329 2025 1554 2062 Cornelium
1603 2051 1606 2054 -

927 2084 1145 2130 „Nepotem
1166 2084 1307 2118 secutus
1320 2081 1474 2116 videtur
1485 2092 1554 2115 no-

927 2138 1025 2179 „fier
1043 2146 1079 2177 2,
1107 2150 1168 2178 10,
1196 2151 1226 2173 1.
1250 2123 1445 2184 911111ιαίἶο
1461 2148 1554 2170 com-

927 2191 1092 2233 „modius
1104 2205 1188 2239 eum
1201 2202 1325 2226 narrat
1334 2190 1443 2225 verba
1454 2191 1555 2238 apud

928 2261 1074 2294 „regem
1088 2245 1234 2295 feciffe,
1265 2259 1372 2294 quam
1394 2245 1432 2279 hi
1449 2254 1553 2293 pote-

926 2311 1054 2342 ‚,rant‚
1114 2305 1175 2349 qui
1205 2305 1242 2336 in
1273 2296 1429 2348 Perside
1451 2307 1559 2338 erant,

927 2359 1081 2397 ,‚nati.“
1111 2358 1303 2392 Gesnerus.
1377 2355 1483 2389 Idem
1511 2355 1552 2388 in

927 2411 1087 2458 reliquis
1115 2412 1278 2460 designat
1306 2410 1351 2444 de
1374 2408 1550 2444 Mithrid.

929 2465 1025 2500 Plin.
1049 2476 1092 2510 7,
1118 2473 1179 2510 24.
1204 2473 1274 2508 25,
1299 2475 1332 2499 2.
1366 2462 1462 2498 Gell.
1490 2472 1550 2505 17,

935 2530 994 2562 17.
1024 2521 1092 2555 ubi
1125 2521 1259 2568 optimi
1289 2517 1380 2552 libri
1399 2519 1554 2566 quinque

930 2584 965 2609 et
993 2577 1125 2621 viginti
1153 2585 1188 2610 eL·
1209 2581 1333 2621 gent-es
1354 2581 1388 2607 et
1408 2573 1554 2619 linguas
1607 2603 1610 2607 ,
1656 2572 1667 2599 ,⁸

929 2630 1100 2664 habeant.
1138 2631 1199 2664 De
1216 2626 1433 2664 Craffoval.
1447 2628 1550 2662 Max.
1587 2636 1589 2638 ·
1656 2615 1657 2618 Ἴ

929 2690 967 2728 8,
988 2694 1024 2728 7,
1045 2684 1081 2720 6.
1120 2686 1180 2719 De
1201 2685 1303 2732 Cyro
1318 2682 1420 2736 *Plixu
1436 2691 1472 2726 7,
1487 2687 1550 2725 24.
