1676 3028
245 210 337 254 512
554 201 628 246 M.
659 201 790 247 FAB.
825 203 1232 262 QUINTILIANI

246 323 654 382 conjunctiones.
704 324 996 372 Habeamus
1028 326 1168 373 enim
1199 324 1331 383 sane,
1363 335 1427 374 ut
1455 325 1550 389 qui

245 398 383 445 notis
415 396 671 455 scribunt,
722 409 879 447 certas
912 399 1160 462 imagines
1189 402 1452 456 omnium,
1499 410 1550 447 et

245 471 358 520 loca
378 471 567 521 scilicet
589 473 811 530 infinita,
835 489 929 538 per
949 490 1081 537 quae
1103 474 1275 530 verba,
1287 485 1415 538 quot
1431 473 1551 523 sunt

243 547 302 594 in
331 549 567 611 quinque
601 560 780 598 contra
812 552 1023 596 Verrem
1053 547 1304 611 secundae
1335 550 1551 598 actionis

244 619 422 677 libris,
470 625 819 689 explicentur,
866 634 926 671 ut
966 624 1360 672 meminerimus
1399 625 1560 672 etiam

247 697 652 760 omniuurquasi
689 697 1074 762 depositorum:
1111 714 1288 746 nonne
1309 697 1555 762 impediri

245 770 461 833 quidem
493 789 704 830 eorum,
743 790 874 838 quae
907 773 1035 822 dicit
1067 771 1343 823 decursum
1361 769 1557 821 necess'e

245 909 480 958 Camp.)¹e11‘e
501 913 804 958 conjunctivum.
970 913 1166 967 xscilicet.
1181 914 1312 962 Camp.
1327 912 1420 962 sed:
1444 913 1557 954 male,

242 964 336 999 inest
358 966 457 1000 enim
480 966 577 1003 levis
599 970 722 1004 irrisio
745 982 892 1009 eornm,
924 970 993 1017 qui
1014 971 1214 1004 innumera
1232 969 1352 1004 solent
1369 969 1451 1004 loca
1467 981 1556 1004 con-

243 1019 406 1060 stituere,
436 1021 545 1057 velut
565 1024 811 1059 Metrodorus
833 1026 873 1059 in
896 1025 1078 1060 Zodiaco.
1106 1025 1189 1059 Nec
1209 1024 1445 1060 correctione
1459 1023 1556 1063 Obr.

242 1075 460 1122 indigemus
494 1080 678 1112 nominum
706 1092 777 1126 pro
807 1082 976 1115 omnium,
1045 1079 1167 1115 Modo
1190 1079 1291 1114 Flor.
1309 1072 1411 1115 'noth
1431 1077 1558 1114 Guelf.

242 1139 364 1166 notae.
561 1146 625 1180 per
657 1147 757 1181 quae.
797 1135 928 1170 Turio.
950 1134 1075 1170 Guelf.
1096 1149 1133 1183 p.
1161 1149 1274 1183 quem.
1472 1141 1559 1182 quot

235 1183 324 1232 sunt
349 1188 385 1220 in
416 1188 582 1236 quinque.
613 1190 742 1224 Turio.
765 1189 864 1224 Flor.
886 1189 1025 1237 quods.
1051 1191 1074 1224 i.
1092 1205 1127 1239 q.
1159 1189 1284 1225 Guelf.
1301 1187 1390 1238 sunt
1409 1191 1444 1224 ἱη
1466 1201 1559 1237 quae

235 1238 324 1288 sunt
349 1243 371 1276 i.
405 1256 438 1289 q.
481 1242 634 1289 Reliqui
665 1257 755 1291 quae
777 1243 809 1292 s.
836 1247 857 1278 ι’.
879 1259 913 1293 q.
944 1245 1125 1279 Nostrum
1148 1243 1324 1279 leviffima
1347 1244 1559 1279 mutatione

245 1308 292 1328 ex
312 1296 577 1343 antiquissimis
597 1298 677 1334 illis
699 1299 913 1334 derivatum
937 1300 986 1334 est
999 1324 1008 1338 ‚
1038 1310 1166 1346 aptum
1187 1298 1286 1340 illud
1304 1299 1497 1346 imprimis
1517 1297 1561 1332 in

244 1360 319 1384 tam
343 1351 539 1387 manifesto
560 1353 746 1400 exemplo.
974 1362 1015 1388 ut
1035 1356 1309 1389 meminerimus.
1323 1354 1452 1388 Turic.
1474 1351 1560 1397 (hio

246 1405 359 1440 etiam
381 1407 647 1451 memineribus)
668 1408 770 1443 Flor.
789 1407 912 1443 Guelf.
937 1423 982 1443 ne
1004 1422 1049 1443 m.
1074 1409 1199 1444 Guelf.
1217 1421 1311 1444 mox
1332 1409 1518 1455 impedire.

381 1463 525 1507 quidem
551 1481 610 1493 -—
637 1462 827 1510 clecmsum.
860 1463 989 1498 Turic-
1017 1465 1114 1511 quod
1141 1477 1233 1511 quae
1257 1465 1347 1500 dicit
1368 1461 1559 1510 dit-ursum»

243 1514 345 1550 Flor.
368 1516 491 1550 Guelf.
514 1518 611 1563 quod
626 1531 717 1564 quae
738 1518 772 1552 d.
798 1519 832 1554 d.
857 1531 943 1554 cum
966 1518 1064 1553 Alm.
1097 1521 1155 1553 Ex
1170 1518 1274 1553 hisce
1295 1517 1558 1552 vetustiffimo-

243 1583 330 1604 rum
360 1571 554 1618 scripturis
587 1572 658 1606 tale
685 1573 774 1607 loco
803 1573 991 1608 auxilium
1014 1574 1199 1621 quaelivi:
1239 1571 1557 1613 „meminerimus

245 1626 386 1659 etiam“
408 1625 640 1669 (delevimus
661 1641 714 1666 ne,
739 1627 848 1663 velut
869 1639 998 1663 natum
1022 1641 1068 1663 ex
1092 1641 1219 1662 errore
1240 1627 1439 1675 repetendi
1457 1626 1569 1661 litte-⁴

243 1691 301 1715 ras
330 1680 493 1722 similes3
524 1692 563 1716 ut·
592 1682 728 1717 deinde
758 1683 803 1718 ab
831 1683 1002 1719 librariis
1030 1683 1232 1724 refictum;
1263 1683 1403 1730 pendet
1432 1691 1560 1721 autem

301 1797 365 1832 25.
411 1793 688 1834 conjunctiones.
747 1819 772 1834 ‚,
787 1794 875 1828 Sive
989 1795 1050 1841 qui
1069 1795 1165 1828 notis
1177 1791 1339 1841 scribunt
1357 1792 1383 1827 i.
1407 1790 1560 1832 notarii,

244 1871 269 1888 „
283 1847 527 1894 grammatice
563 1848 728 1895 accipias
777 1848 876 1883 hano
934 1849 979 1884 de
1003 1849 1143 1899 quibus
1164 1849 1255 1884 vide
1271 1858 1308 1892 7,
1329 1857 1366 1888 2,
1391 1856 1454 1890 24.
1480 1838 1497 1847 κ

243 1913 428 1943 ‚,vocem,
456 1915 591 1936 verum
615 1904 684 1943 est3
715 1904 759 1937 da
778 1903 876 1938 mihi

243 1981 267 1996 ‚‚
283 1957 384 1999 enim
406 1967 548 1998 notam,
567 1971 662 2005 qnae
679 1958 776 1994 clare
790 1960 873 1994 bre·
988 1968 1028 1993 ut
1056 1960 1319 1994 meminerimus
1350 1979 1407 1987 -
1438 1958 1563 1993 decur-

242 2012 453 2058 „viterque
487 2014 606 2060 signet
634 2026 727 2053 nam,
765 2017 874 2063 enimf
908 2004 1018 2063 ἱ[ιιηι.
1061 2015 1163 2048 Haec
1185 2015 1345 2049 minime
1364 2015 1448 2049 [unt
1467 2014 1560 2053 sana,

242 2090 268 2107 „
280 2080 376 2105 vero,
404 2067 573 2115 tametsi?
610 2069 686 2103 five
716 2070 874 2114 conjun-
932 2080 970 2105 et
999 2069 1048 2104 est
1076 2069 1121 2103 de
1154 2068 1202 2103 iis
1226 2069 1499 2117 dispiciendum
1519 2069 1563 2103 in

243 2146 268 2162 „
282 2121 427 2158 ctiones
439 2122 629 2171 intelligas
649 2135 874 2159 connecten·
930 2134 1026 2160 nott.
1049 2124 1148 2158 critt.
1189 2124 1379 2159 Sententia
1402 2123 1562 2158 manife-

214 2186 270 2218 t„
283 2178 323 2212 di
357 2187 392 2211 et
429 2179 648 2213 transeundi
676 2179 873 2215 formulas.
929 2179 988 2214 sta.
1003 2180 1189 2214 Gravatur
1201 2189 1324 2214 autem
1336 2178 1432 2214 hanc
1442 2179 1561 2227 ipsam

242 2233 357 2273 „Cic-
371 2231 416 2266 de
440 2231 506 2268 Or.
522 2244 557 2274 2,
579 2240 712 2281 ἷζε-ΡΥ.
744 2235 874 2269 IWulta
929 2235 1188 2269 mnemonices
1227 2234 1560 2282 reprehensionem

242 2288 350 2336 „sunt
379 2287 509 2328 verba,
542 2302 633 2336 quae
665 2289 769 2337 quasi
785 2292 873 2324 arti·
928 2291 1118 2325 Antonius
1147 2290 1245 2337 apud
1275 2289 1351 2326 Cic.
1385 2290 1430 2324 de
1450 2288 1556 2324 Orat.

241 2344 341 2382 „culi
372 2353 586 2379 connectunt
617 2346 774 2380 membra
794 2358 874 2380 ora·
931 2356 966 2384 2,
990 2351 1053 2389 38.
1092 2345 1217 2392 Neque
1237 2357 1359 2380 verum
1380 2342 1441 2392 est»
1461 2342 1560 2392 quod

242 2399 398 2437 „ciani-t,
428 2413 519 2446 quae
528 2398 688 2446 formari
697 2399 872 2449 similitu·
930 2401 976 2436 ab
989 2394 1156 2435 inertilffls
1167 2400 1308 2438 dicitur,
1322 2401 1559 2448 opprimime-

241 2454 352 2491 „dine
386 2453 488 2488 nulla
521 2453 692 2503 poffunt:
750 2469 873 2491 eorum
931 2457 1082 2491 moriam
1103 2456 1304 2506 imaginum2
1321 2455 1491 2502 pondere,
1523 2460 1559 2486 et

242 2507 467 2554 ,fingendae
501 2510 606 2544 nobis
629 2509 717 2558 sunt
747 2512 876 2557 imagi·
933 2509 1111 2558 obscurari
1131 2512 1237 2544 etiam.
1258 2509 1306 2549 id,
1329 2509 1502 2558 quodper
1513 2506 1558 2557 so

244 2576 347 2602 „nes‚
378 2563 502 2610 quibus
515 2563 660 2613 semper
685 2570 875 2601 utamur-‘⁸
931 2574 1061 2602 natura
1084 2575 1204 2601 tenere
1221 2562 1407 2613 pocufflet.

245 2617 441 2652 Gesnerus.
500 2621 877 2671 Inyconjunctionibus

247 2672 295 2708 cf.
323 2687 357 2715 1,
380 2679 415 2716 4,
444 2674 505 2718 ¹8·
