1676 3028
309 283 402 340 306
622 284 694 328 M.
727 283 858 328 FAB.
897 282 1302 342 QUINTILIANI

307 406 470 464 facto,
495 421 630 464 *cum
652 404 722 452 est
742 404 1313 470 repetenda'memoria‚
1349 406 1614 472 incipiunt

310 483 372 530 ab
393 483 545 529 initio
568 481 679 528 loca
701 480 825 527 haec
847 478 1122 537 recensere,
1160 490 1225 538 et,
1249 481 1394 544 quod
1422 482 1614 546 cuique

315 555 675 611 crediderunt,
720 555 1017 620 reposcunt,
1062 565 1124 603 ut
1167 565 1350 604 eorum
1389 556 1614 621 imagine

314 631 686 678 admonentur:
722 631 794 678 ita
823 631 1107 694 quamlibet
1133 631 1296 678 multa
1328 628 1444 687 sint,
1479 642 1676 694 quo-981

313 721 436 754 rum
467 702 750 752 meminisse
788 716 1051 772 oporteat,
1097 704 1238 753 fiunt
1266 703 1468 769 singula
1493 722 1615 754 con-

314 796 445 829 nexa
478 779 704 843 quodam
739 781 924 838 choro,
960 798 1026 828 ne
1052 791 1222 828 errent
1249 783 1620 844 conjungentes

315 855 581 920 prioribus
633 853 898 919 sequentia
958 854 1068 904 solo
1121 854 1405 903 ediscendi.
1427 855 1619 904 labore.

316 1008 412 1032 voce
447 996 667 1043 impluvium.
727 997 822 1030 Mox
848 998 977 1044 Camp.
1006 994 1212 1044 incipimus,
1239 994 1349 1031 male.
1583 1003 1631 1032 ut.

316 1064 450 1086 eorum·
482 1051 542 1084 Sic
560 1050 681 1087 Guelf.
699 1050 794 1088 Vall.
820 1065 866 1086 ex
885 1064 1006 1099 eoque
1026 1052 1116 1087 Bad.
1146 1050 1353 1098 Reliquiae
1373 1063 1403 1085 e.
1568 1051 1624 1084 ica

317 1106 524 1155 quamlibet.
559 1106 619 1140 Sic
651 1107 752 1142 Flor.
785 1117 817 1140 ec
843 1122 875 1154 q.
910 1107 1037 1154 Camp.
1068 1106 1222 1153 Reliqui
1241 1114 1281 1139 ut
1301 1119 1333 1152 q.
1503 1102 1621 1151 fiune.

316 1161 380 1195 Sic
401 1160 532 1194 Turic-
553 1160 652 1195 Flor.
676 1160 800 1196 Guelf.
826 1164 954 1209 Camp.
974 1175 1061 1196 cum
1079 1161 1193 1196 Goth.
1216 1161 1317 1197 Voss‘.
1341 1170 1376 1195 2.
1402 1158 1500 1196 Vall.
1523 1159 1623 1198 Jens.

313 1215 430 1249 Tarv.
446 1215 551 1261 fiant
570 1215 697 1251 Locat.
720 1229 805 1251 cum
822 1218 976 1264 posterr.
998 1227 1083 1260 ante
1099 1215 1185 1252 Ald.
1206 1227 1280 1249 acc.
1299 1214 1390 1250 Bad.
1403 1213 1510 1249 Batil.
1527 1214 1623 1250 Obr-

310 1268 399 1318 sunt
431 1270 613 1304 exhibent
639 1272 731 1305 Exc.
758 1273 907 1308 Santen.
932 1271 1080 1306 fortasse
1105 1284 1172 1318 per
1193 1281 1360 1304 errorem
1382 1269 1624 1308 conferentis,

315 1324 360 1358 in
390 1334 487 1359 tanta
518 1324 664 1371 alioqui
692 1326 808 1370 hujus
831 1327 925 1364 Cod,
957 1337 993 1361 et
1022 1325 1145 1361 Guelf.
1169 1323 1430 1359 similitudine.
1469 1323 1626 1370 Reliqui
1670 1323 1672 1328 ’

310 1379 399 1428 sint.
439 1379 562 1414 Modo
585 1381 699 1415 multa
717 1380 771 1427 sit
790 1382 918 1417 Turic.
943 1380 1043 1416 Flor.
1076 1382 1171 1415 Mox
1187 1392 1257 1427 pro
1278 1391 1438 1414 connexa
1456 1378 1558 1414 Flor.
1578 1381 1626 1423 (a

316 1447 374 1481 pr.
393 1427 476 1484 m.)
505 1447 643 1473 nececa,
669 1449 688 1469 a
708 1437 776 1470 [ec.
797 1447 943 1476 autem,
972 1437 1043 1470 nisi
1067 1435 1115 1469 est
1136 1447 1242 1470 error
1261 1434 1489 1469 conferentis
1502 1459 1512 1473 ,
1543 1446 1625 1469 con-

315 1490 415 1524 nixa.
643 1491 762 1529 choro,
785 1504 828 1524 ne
846 1500 971 1525 errent.
1003 1490 1132 1525 Turio.
1148 1491 1382 1536 (quanquam
1406 1501 1451 1523 ex
1470 1489 1547 1523 hoc
1567 1501 1626 1523 re·
1667 1526 1669 1530 ¹

315 1543 438 1578 fertur
464 1546 582 1590 coria)
611 1543 711 1578 Flor.
735 1544 859 1579 Guelf.
885 1547 976 1580 Exc.
998 1547 1145 1579 Santen.
1169 1546 1266 1578 corio
1289 1551 1449 1577 onerant.
1491 1542 1626 1577 Solum

315 1600 414 1633 corio
435 1598 640 1634 ostenditur
662 1612 707 1633 ex
724 1599 835 1636 Bodl.
858 1599 954 1638 Vall.
975 1611 1011 1635 et
1027 1600 1076 1634 sie
1097 1598 1146 1633 est
1166 1599 1207 1633 in
1229 1599 1359 1646 Camp.
1373 1597 1488 1633 Goth.
1530 1599 1648 1632 Mox·

319 1652 574 1702 consequentia
593 1653 694 1689 Flor.
716 1654 845 1702 Camp.
867 1668 954 1690 cum
975 1654 1086 1691 Aha.-

372 1784 437 1810 20.
461 1775 825 1809 zet—admonentur.
854 1798 879 1814 „
898 1775 945 1809 Ut

315 1855 342 1871 „
353 1830 378 1864 i.
399 1830 602 1864 secundum
624 1830 774 1876 quod-‘⁶
794 1829 944 1864 Badius.

367 1883 473 1931 fiunt
495 1884 647 1933 singula
683 1902 738 1910 -—
766 1883 946 1931 ediscendi

317 1940 452 1975 labore.
502 1940 578 1974 Hie
609 1940 728 1974 sensus
754 1951 839 1973 cum
867 1952 945 1974 non

318 1994 525 2030 constanter
539 1995 603 2034 ita,
615 2004 658 2028 ut
666 1994 729 2028 hic
741 2004 944 2041 comparet,

317 2050 360 2085 in
380 2049 628 2085 vetustissimis
658 2048 768 2085 libris
788 2048 945 2096 legatur,

317 2117 389 2140 nos
421 2115 562 2146 autem,
600 2117 712 2152 quam
741 2103 945 2138 minimum

311 2159 407 2194 ‘fieri
427 2161 566 2206 potuit,
583 2160 870 2194 concesserimus
889 2172 947 2194 re-

318 2214 485 2248 centium
502 2215 776 2249 mutationibus
790 2227 798 2254 ;
821 2224 946 2248 tamen

317 2281 397 2304 non
425 2269 498 2303 nisi
527 2270 685 2316 suspensi
715 2280 751 2304 et
773 2269 946 2304 dubitan-

316 2335 376 2359 ter
405 2324 450 2358 de
472 2325 552 2370 ejus
579 2325 755 2359 sententia
777 2336 946 2371 pronun-

289 2376 291 2381 ’
318 2379 516 2414 ciabimus.
564 2379 672 2413 Nexa
690 2379 781 2428 haec
805 2379 945 2419 omnia,

319 2447 415 2482 quae
442 2436 570 2469 animo
598 2433 807 2481 affigimus,
857 2447 946 2467 cum

318 2490 392 2524 sint
413 2490 514 2524 inter
539 2489 573 2523 se
594 2501 662 2536 per
688 2488 793 2523 illam
814 2488 946 2522 aedifi-

318 2544 369 2578 cii
389 2545 585 2590 cujusdam
605 2543 736 2590 magni
756 2543 945 2588 subjacen-

314 2608 390 2633 tem
413 2600 558 2634 cunctis
576 2598 803 2646 imaginem,
835 2609 941 2632 cave-

315 2663 376 2687 tur
406 2666 530 2693 error,
569 2653 611 2687 in
633 2665 744 2699 quem
766 2662 942 2700 poterant

1000 1776 1097 1811 locis
1126 1787 1195 1810 nec
1225 1774 1457 1822 imaginibus
1483 1786 1628 1810 memo-

1001 1832 1078 1866 riae
1107 1829 1429 1865 subvenientibus.
1499 1829 1630 1875 Qualis

1003 1896 1126 1920 autem
1155 1884 1221 1920 ille
1249 1885 1298 1919 est
1329 1882 1468 1920 error?
1504 1885 1630 1920 Potest

1004 1941 1104 1976 enirn
1129 1939 1276 1987 duplici
1296 1939 1414 1974 modo
1437 1939 1566 1987 accipi,
1587 1949 1630 1975 ut
1648 1962 1658 1975 -.

1001 1995 1066 2030 vel
1082 2009 1126 2030 eo
1149 1995 1228 2042 ipso
1249 2004 1408 2034 erretur,
1421 1995 1523 2042 quod
1539 2007 1628 2030 con·

1001 2061 1057 2086 tra
1100 2063 1214 2097 quam
1254 2049 1440 2084 debebant
1470 2049 1655 2099 conjun'·¹

1001 2116 1096 2153 gunt
1114 2102 1312 2153 prioribus
1335 2103 1539 2151 sequentias
1565 2103 1630 2140 vel

1001 2161 1101 2195 inter
1121 2159 1222 2194 illud
1240 2159 1499 2206 conjunge-ndi
1512 2160 1638 2206 nego-⁸

1002 2216 1099 2250 tium
1120 2214 1266 2262 aliquid
1291 2224 1478 2261 peccetur.
1537 2216 1631 2250 Con-
1658 2252 1661 2256 ‚

997 2271 1188 2316 jungentes
1207 2269 1336 2316 itaque
1355 2269 1427 2303 erit
1437 2280 1521 2305 aut:
1545 2282 1629 2303 con-

1001 2325 1207 2372 iungendo,
1245 2334 1328 2358 aut:
1361 2325 1456 2359 inter
1483 2325 1627 2368 conjun-

1001 2381 1170 2427 gendum.
1255 2379 1368 2413 Prius
1408 2379 1437 2413 si
1476 2379 1628 2426 probas,

1001 2434 1139 2469 inutile
1179 2433 1384 2469 memoriae
1420 2433 1629 2469 ostendimur

994 2489 1118 2526 nullis
1168 2486 1379 2523 intervallis
1421 2488 1628 2523 constituti·

1003 2554 1120 2579 totam
1141 2543 1350 2578 orationem
1369 2543 1626 2578 continuando

997 2600 1141 2646 semper
1194 2597 1390 2646 prioribus
1437 2597 1626 2646 sequentia

997 2654 1182 2688 detexere.
1240 2653 1290 2686 Et
1314 2653 1434 2688 fateor
1451 2652 1548 2687 hanc
1566 2665 1624 2687 ra-

311 2707 480 2742 incidere
502 2708 571 2755 qui
589 2706 691 2742 nihil
710 2706 813 2742 aliud
826 2719 939 2754 quam
994 2708 1140 2743 tionem
1167 2706 1268 2741 mihi
1286 2707 1414 2742 videri
1434 2707 1622 2751 consenu-

311 2762 479 2798 ediscunt
489 2763 606 2799 verba
622 2763 711 2810 ipsa,
728 2760 844 2799 nullis
865 2775 934 2798 nec
989 2775 1099 2800 neam
1138 2762 1188 2799 iis
1229 2775 1325 2812 quae
1367 2761 1633 2817 χηᾋοιποοίχτιιιεεχ
