1676 3028
333 201 496 248 mers.
530 178 817 248 oRAToR.
850 197 972 252 LIB-
1011 196 1108 253 xx,
1157 208 1202 241 ι.
1336 205 1437 270 ,285

13 331 166 388 93ιὶη
189 329 456 396 plerisque
480 327 585 376 alio
607 295 784 376 colore
807 323 1047 390 asperitas
1069 323 1339 380 orationis,
1378 332 1443 371 ut

96 409 287 460 Cicero
316 405 383 455 de
415 403 831 472 proscriptorum
865 401 1046 450 liberis
1078 398 1218 448 fecit.
1299 397 1444 468 Quid.

100 486 247 535 enim
281 482 577 542 crudelius,
619 499 774 553 quam
806 479 1055 536 homines,
1094 473 1318 546 honestis
1343 493 1443 540 pa-

103 559 330 613 rentibus
350 577 411 610 ac
433 556 711 624 majoribus
731 568 906 616 natos,
948 575 983 605 a
1015 553 1276 620 republica
1291 549 1445 626 sum-

103 639 336 690 moveri?
414 641 598 702 Itaque
634 635 831 687 durum
866 634 925 683 id
952 630 1050 682 effe
1077 631 1314 684 summus
1352 631 1446 679 ille

106 715 518 778 tractandorum
552 714 852 764 animorum
899 708 1083 760 artifex
1126 708 1446 771 confit-etur:

107 792 199 843 sed.
223 794 295 858 ita
319 793 524 858 legibus
549 792 723 841 Sullae
751 790 1030 841 cohaerere
1051 787 1242 838 statum
1267 786 1450 836 civita-

109 872 177 920 tis
201 868 432 927 affirmat,
470 874 531 918 ut
554 869 640 917 his
664 866 847 918 solutis
874 865 1003 915 stare
1025 863 1134 935 ipsa
1154 884 1266 923 non
1286 861 1447 932 poffit.

109 943 380 998 Affecutus
399 948 577 1011 itaque
607 943 694 1004 eft,
714 956 774 995 ut
792 944 997 1010 aliquid
1021 961 1210 995 eorum
1234 957 1453 1010 quoque

107 1081 220 1118 bium
250 1065 378 1129 inagis,
413 1081 458 1116 de
482 1093 561 1130 quo
582 1079 674 1116 vide
688 1092 779 1129 prae
799 1075 886 1115 aliie
906 1078 1105 1115 Drakenb.
1129 1079 1176 1114 ad
1195 1078 1284 1114 Liv.
1308 1081 1453 1123 5449·

115 1149 180 1174 ιο.
224 1139 271 1173 In
311 1136 395 1173 illis
421 1138 607 1174 ·Livianis
642 1148 770 1173 tamen
807 1134 996 1184 exemplis
1032 1136 1180 1185 saepius
1217 1144 1294 1169 tam
1332 1132 1456 1168 deesse

112 1194 311 1242 agnoscam
341 1207 470 1243 quam¹
489 1196 630 1243 magis,
668 1193 743 1230 nisi
774 1194 845 1229 ubi
876 1193 1067 1228 antecedit
1096 1192 1248 1228 volendi
1275 1189 1455 1228 verbum,

112 1248 312 1286 lubricum
337 1248 460 1293 illud,
501 1251 685 1299 quodque
714 1249 866 1286 fortaffe
888 1249 1021 1285 cedere
1043 1249 1178 1285 debeat
1198 1248 1312 1283 alteri
1332 1245 1455 1281 malle.

116 1305 362 1353 Quintiliano
383 1319 509 1343 autem
529 1307 572 1342 in
591 1307 669 1343 hoc
691 1303 767 1342 uno
786 1306 875 1342 loco
896 1317 1047 1342 tantum
1064 1305 1242 1341 audaciae
1261 1301 1457 1353 placuisse,

114 1361 186 1397 vix
215 1362 388 1398 adducor
420 1374 463 1399 ut
493 1363 657 1399 credam.
716 1364 882 1411 Recepta
916 1362 1035 1398 habet
1067 1375 1146 1411 quo
1181 1362 1213 1396 se
1242 1370 1395 1397 tueatur
1417 1357 1461 1393 in

117 1416 187 1452 illa
214 1419 299 1454 satis
330 1419 504 1455 mirabili
535 1420 721 1456 structura
749 1429 786 1464 7,
814 1434 848 1456 1.
873 1419 937 1463 56.
962 1419 1082 1455 modo
1104 1415 1154 1466 est
1176 1418 1364 1453 scribatur
1383 1426 1460 1463 pro

118 1471 219 1521 inest.
262 1474 336 1510 sed
365 1475 483 1511 latere
502 1475 653 1524 aliquid
675 1490 756 1513 non
778 1477 908 1512 [inunt
929 1475 1105 1511 dubitare
1124 1475 1335 1523 scripturae
1353 1483 1461 1520 prae·

116 1529 283 1578 posterae
305 1542 400 1568 vett.
419 1531 516 1568 libb.
574 1534 614 1569 N
618 1547 658 1568 ec
679 1533 842 1568 videtur
859 1533 1071 1581 procedere
1089 1531 1156 1569 vel
1178 1530 1246 1566 illa
1267 1530 1367 1565 ratio
1389 1525 1463 1562 nisi

119 1585 400 1623 interveniente
430 1589 654 1629 infinitivo,
685 1600 730 1624 ut
758 1588 909 1636 aliquid
935 1588 1060 1624 facere
1089 1589 1241 1624 dicatur
1268 1586 1339 1622 effe
1362 1596 1465 1620 vero-

120 1642 306 1678 cundum'
294 1656 322 1678 1.
341 1645 488 1694 pudori
507 1646 643 1688 alicui,
672 1659 753 1683 non
772 1646 933 1696 quidem
957 1645 1021 1681 illi
1038 1646 1123 1689 soli,
1157 1645 1226 1694 qui
1245 1643 1372 1684 faciat,
1403 1638 1466 1675 sed

122 1697 340 1749 cuicunque
359 1703 559 1750 praesenti

163 1784 275 1822 85.
306 1780 383 1817 alio
408 1783 542 1818 colore.
574 1782 706 1818 Tru-ic.
730 1781 835 1819 Flor.
855 1782 987 1820 Guelf.
1008 1784 1087 1820 alia
1106 1784 1191 1820 loco
1213 1796 1263 1818 re.

239 1836 380 1872 durum.
403 1839 531 1879 Guelf.
555 1841 644 1875 divi.
896 1842 963 1875 ita.
991 1839 1097 1876 Flor.
1122 1842 1172 1875 id.
1194 1837 1322 1875 Guelf.
1348 1835 1468 1874 Goth.

60 2599 62 2603 ,
131 2569 255 2620 'betur
275 2571 379 2608 ille-¹

72 2678 75 2682 Δ
141 2623 351 2674 legendum
376 2632 458 2667 aliis
477 2647 549 2682 pio
572 2636 660 2673 alio.

205 2684 328 2724 Cicero
359 2689 403 2722 de
427 2691 542 2738 prosn·
543 2694 589 2738 ip
577 2702 649 2727 nor
633 2708 712 2729 rum
741 2694 786 2730 li-

127 1891 218 1936 (tac.
232 1892 361 1942 Gesn.)
379 1896 417 1930 id
437 1911 459 1931 a
482 1909 570 1932 cum
594 1897 694 1935 Voss.
714 1907 751 1932 2.

996 1897 1196 1932 cohaerere.
1221 1893 1348 1931 Guelf.
1371 1905 1468 1928 coer-

129 1959 208 1983 cere
228 1962 317 1984 cum
341 1951 462 1988 Goth.
475 1953 578 1990 Voss'.
604 1963 642 1989 2.
662 1954 761 1992 Jens.
783 1954 900 1989 Tarv.
922 1956 1079 1990 coerceri
1091 1954 1224 2001 Camp.
1243 1963 1332 1987 cum
1348 1948 1470 1984 Andr·

129 2013 169 2038 et
189 2005 275 2042 edd.
294 2017 379 2044 ante
398 2009 510 2046 Basil.

84 2077 86 2082 ’
130 2070 153 2093 t
183 2061 252 2099 sec.
281 2065 364 2107 m.)
393 2065 521 2102 Guelf.
543 2066 722 2114 affirmat.

175 2181 258 2219 ⁴35.
289 2176 365 2212 alio
387 2178 518 2214 colore.
560 2181 778 2217 Sententiae

137 2231 191 2268 ita
220 2231 307 2267 sunt
337 2237 640 2272 connectendae:
673 2238 778 2279 „Ad-

136 2287 218 2324 huc
237 2289 397 2335 quidem
417 2290 591 2327 colorem
611 2293 779 2329 summae

132 2343 405 2383 vehementiae
457 2348 626 2385 dandum
676 2350 781 2387 vidi-

139 2413 227 2437 mus
254 2403 422 2446 actioni;
466 2405 527 2440 sed
552 2405 629 2443 hoc
649 2420 780 2443 rarum

140 2456 211 2499 est,
241 2468 279 2493 et
300 2458 529 2511 plerumque
558 2464 782 2514 mitigandis

139 2515 273 2564 potius
294 2516 472 2562 judicum
494 2521 652 2557 auribus
675 2522 783 2557 adhi-

452 2579 629 2627 Suspicor
651 2580 783 2629 itaque

149 2739 251 2782 beris,
309 2744 528 2788 Oxationis,
570 2761 666 2799 quae
690 2760 786 2787 aeta·

734 2009 914 2058 affirmat.
933 2010 1068 2047 Turio.
1081 2009 1185 2055 Flor.
1211 2007 1294 2051 (hic
1311 2005 1472 2054 quidem

968 2069 1002 2105 A
995 2066 1167 2117 ffecutus.
1202 2063 1336 2100 Turic.
1368 2060 1475 2097 Flor.

837 2192 916 2216 tem
952 2194 1033 2217 non
1055 2180 1166 2221 tulit,
1216 2177 1341 2213 causas
1366 2174 1477 2214 bene,

838 2249 884 2273 ut
923 2237 1036 2278 solet,
1076 2235 1239 2286 exponit
1276 2229 1479 2268 Freinshe-

837 2294 941 2329 mius
972 2294 1015 2329 in
1045 2307 1162 2343 opere
1184 2290 1481 2341 Supplemento-

838 2363 927 2385 rum
946 2350 1206 2387 Livianorum
1226 2349 1253 2384 l.
1280 2359 1342 2382 ιο.
1365 2355 1396 2379 c.
1414 2348 1480 2386 45.

840 2407 1037 2443 advocatis
1049 2418 1224 2443 veterum
1239 2398 1483 2440 testimoniis,

839 2464 942 2499 inter
969 2477 1064 2511 quae
1094 2475 1131 2500 et
1159 2461 1279 2498 Plinii
1306 2457 1373 2493 illa
1402 2455 1484 2490 laus

843 2523 910 2565 (7,
933 2529 998 2564 31.
1019 2535 1058 2570 p.
1078 2521 1166 2569 Bip.
1188 2519 1282 2563 55.)
1310 2524 1374 2555 „te
1400 2513 1485 2558 (M.

844 2576 972 2621 Tulli)
996 2587 1170 2618 „orante,
1180 2571 1407 2626 proscripto]
1420 2581 1487 2603 um

842 2633 1018 2675 „liberos
1045 2632 1212 2669 honores
1247 2639 1377 2680 petere
1417 2639 1486 2675 pu-

843 2690 998 2732 „duit.“

901 2745 1098 2798 Affecutus.
1121 2746 1167 2785 cf.
1187 2755 1268 2783 not.
1293 2744 1376 2782 crit.
