1676 3028
312 188 475 234 INST.
513 185 792 232 ORATOR.
825 185 947 230 LIB.
985 184 1058 240 X,
1100 195 1145 236 5.
1307 183 1401 240 169

62 335 199 387 quae
287 315 392 366 sint
476 314 759 365 materiae:
856 326 991 375 quae
1066 310 1239 375 prima
1315 318 1408 358 aut

63 395 321 452 secunda,
409 402 501 441 aut
592 390 838 455 deinceps
922 386 1189 436 tractanda
1273 383 1403 433 sint:

64 490 188 524 nam
262 470 323 520 id
381 468 580 518 factum
647 466 720 515 est
788 466 947 514 etiam
1006 465 1182 530 primo
1249 462 1409 520 libro,

66 567 175 616 quo
234 563 558 614 puerorum,
618 555 671 592 et
733 541 994 599 secundo,
1071 555 1182 604 quo
1246 540 1412 595 robu-

67 626 290 678 stiorum
366 621 552 672 studiis
625 620 868 671 ordinem
944 617 1228 666 dedimus:
1303 615 1411 673 fed,

66 703 133 752 de
165 720 276 767 quo
309 717 456 750 nunc
484 700 683 764 agitur,
733 697 878 746 unde
915 697 1067 761 copia
1104 712 1160 743 ac
1192 693 1412 742 facilitas

67 781 292 829 rn‘axime
325 777 516 827 veniat.
596 778 808 824 Vertere
841 775 1030 823 Graeca
1064 774 1124 820 in
1152 773 1405 820 Latinum
1426 795 1449 821 2

0 867 276 916 ‚41veteres
315 852 479 904 nostri
518 862 748 902 oratores
789 852 1053 916 optimum
1095 848 1413 909 judicabant.

67 933 131 983 Id
159 931 211 981 se
238 935 296 981 L.
321 926 525 980 Craffus
562 932 621 978 in
651 930 760 978 illis
790 929 1066 978 Ciceronis
1096 925 1162 974 de
1195 929 1416 975 Oratore

70 1050 234 1103 ereplice
257 1054 294 1088 in
320 1054 380 1092 eis,
414 1065 433 1087 a
455 1052 523 1095 sec.
547 1065 598 1087 m.
635 1050 794 1098 exempli
813 1051 870 1084 cui
895 1051 932 1083 in
955 1049 1016 1083 eis.
1053 1047 1158 1083 Flor.
1199 1047 1238 1092 (a
1259 1061 1318 1096 pr.
1343 1048 1418 1094 m.)

71 1110 248 1158 explicem
267 1111 330 1145 eis.
580 1105 773 1158 quaesiuit.
806 1106 938 1141 Turio.
969 1104 1008 1150 (a
1030 1105 1097 1140 sec.
1117 1102 1256 1152 manu)
1287 1103 1417 1141 Gnelf.

70 1169 205 1216 camp.
236 1165 354 1202 Goth.
387 1166 485 1205 Jens.
517 1167 606 1210 (tac.
631 1165 758 1204 Gesn.)
789 1164 904 1198 Tarv.
946 1159 1086 1212 q.sunt
1125 1173 1213 1196 cum
1250 1160 1356 1199 VoII'.
1380 1169 1417 1196 2.

68 1222 156 1260 ΛΜ.
389 1232 425 1257 et
438 1221 614 1270 secundo.
647 1209 751 1255 Flbr.
780 1219 912 1254 inserit
944 1221 994 1254 in.
1220 1231 1290 1265 quo
1311 1216 1418 1252 rolm-

63 1277 232 1328 ιΙίἱονιιηι.
294 1278 356 1313 Sic
388 1278 520 1313 Turio.
551 1290 623 1326 quo
652 1277 729 1319 iam
761 1272 1003 1323 robustiorum
1034 1271 1161 1308 Guelf.
1209 1286 1280 1322 quo
1313 1274 1420 1308 robu-

60 1331 210 1383 'storum
241 1333 344 1369 Flor.
378 1337 416 1377 (a
437 1347 494 1382 pr.
517 1334 590 1378 m.)
622 1332 722 1368 Alm.
763 1331 926 1379 Reliqui
968 1343 1038 1380 quo
1066 1330 1148 1374 jam
1180 1326 1420 1377 robustorum.

74 1390 262 1426 Nostrum
298 1390 465 1437 conjecit
494 1391 689 1424 Francius.
721 1389 767 1424 cf.
790 1400 837 1429 2,
868 1398 905 1428 2,
943 1393 1004 1430 ¹4·
1233 1385 1422 1434 facilitas.

74 1446 207 1482 Turio.
238 1450 278 1492 (a
310 1446 380 1481 sec.
410 1445 484 1491 m.)
513 1445 632 1482 Goth.
670 1447 758 1486 (tac.
781 1445 910 1488 Gesn.)
941 1445 1074 1493 Camp.
1107 1441 1218 1478 Basil.
1242 1441 1423 1490 facultas.

77 1500 133 1538 cf(
161 1513 207 1543 2,
240 1513 286 1543 2,
322 1515 382 1540 11.
424 1508 475 1548 4,
511 1512 573 1546 17.
630 1515 701 1542 ιο,
739 1514 780 1542 1,
812 1509 876 1548 59.
927 1502 1002 1534 Pro
1034 1513 1077 1535 ac
1108 1499 1198 1534 dant
1227 1507 1264 1534 et
1293 1497 1420 1534 Guelf.

77 1557 196 1594 Goth.
229 1558 327 1597 Jens.
360 1561 447 1601 (tac.
470 1558 599 1603 Gesn.)
631 1571 719 1594 cum
746 1557 831 1592 edd.
855 1556 1012 1604 posterr.
1043 1566 1127 1590 ante
1157 1554 1308 1604 Gryph.

159 1622 196 1649 Ω.
222 1614 447 1659 Ῐηᾶίιαιηηε.
478 1615 540 1650 Sic
562 1615 691 1650 Turio.
712 1613 815 1649 Flor.
838 1613 922 1659 (hic
941 1626 960 1646 a
983 1625 1041 1661 pr.
1061 1613 1132 1656 ιιι.)
1153 1625 1241 1647 cum
1264 1611 1366 1647 Alm.

161 1670 206 1706 Id
218 1669 272 1719 se.
296 1670 427 1706 Turic.
455 1671 586 1719 Camp.
611 1670 699 1720 ipse.
935 1669 1106 1705 Oratore.
1127 1669 1261 1704 Turio.
1285 1672 1424 1717 (quan-

78 1739 193 1775 quam
225 1739 294 1774 per
329 1727 625 1775 compendium)
656 1726 759 1763 Flor.
797 1726 880 1772 (hic
902 1739 922 1760 a
941 1739 999 1774 pr.
1027 1726 1099 1768 m.)
1131 1725 1312 1760 oratoriis.
1354 1724 1427 1760 Ille

80 1795 102 1817 a
129 1782 198 1818 fec.
229 1794 281 1817 m.
317 1792 466 1819 oratore
496 1783 535 1819 id
557 1782 612 1832 se.
649 1784 782 1832 Camp.
817 1782 902 1832 post
929 1794 1068 1819 vocem
1100 1782 1265 1817 nostram
1296 1781 1431 1817 inserit

136 1885 256 1933 primo
333 1883 427 1919 libro
468 1904 522 1912 —
549 1884 724 1934 secundo.
782 1883 883 1919 mini
911 1896 974 1918 me
1002 1883 1172 1931 reperire
1209 1883 1251 1918 in
1281 1884 1431 1931 scriptis

87 1952 122 1974 ι.
143 1953 223 1988 cap.
245 1951 281 1988 9.
316 1950 351 1976 2.
377 1954 484 1990 capp.
506 1947 542 1985 4.
578 1955 640 1977 10.
785 1939 1062 1979 ciceronianis,
1074 1938 1186 1974 velut
1200 1939 1317 1976 initio
1334 1939 1433 1975 libb.

134 1994 224 2044 secl,
263 1997 309 2032 de
348 2010 418 2045 quo
460 2009 554 2032 nunc
590 2000 724 2046 agitur.
785 1997 833 2032 de
858 1995 1020 2035 Officiis,
1043 1995 1089 2030 de
1115 1995 1290 2036 Finibus,
1314 2009 1434 2043 eaque

86 2051 349 2089 Commodum
379 2052 447 2087 hoc
475 2066 548 2102 pro
578 2068 648 2102 quo
674 2053 728 2089 le·
784 2062 893 2102 parte
921 2053 1054 2090 Bruti,
1105 2051 1174 2086 ubi
1211 2051 1258 2086 de
1290 2051 1434 2087 studio-

88 2107 258 2155 gendum
335 2107 466 2144 suadet
529 2110 728 2144 Gesnerus.
786 2121 875 2144 rum
894 2109 1052 2144 [uorum
1074 2107 1227 2142 ratione
1257 2108 1432 2156 exponit.

88 2161 254 2198 Portaffe
283 2162 409 2198 lenius
441 2177 496 2200 eo.
565 2166 732 2212 Recepta
790 2164 968 2212 Suspicor
1029 2174 1066 2199 et
1110 2163 1210 2198 hanc
1263 2163 1437 2212 frequen-

89 2217 274 2266 l'criptura
330 2218 558 2267 impeditam
617 2220 735 2255 habet
792 2217 922 2269 tiſjime
968 2220 1014 2254 de
1055 2218 1244 2255 ‘vertendo
1293 2220 1438 2257 Graeca

89 2273 337 2314 structuram,
378 2275 406 2309 fi
439 2288 486 2311 ex
514 2275 587 2312 illo
621 2276 736 2323 expli-
791 2277 1052 2324 praecipientis
1101 2277 1286 2312 Ciceronis
1331 2290 1439 2315 men-

91 2343 208 2365 cemus
248 2331 439 2379 repetitur
480 2332 738 2381 explicandum
794 2331 942 2367 tionem
993 2332 1064 2367 effe
1114 2332 1184 2367 abi
1215 2332 1283 2368 illa
1323 2333 1439 2369 toties

89 2383 153 2434 efi.
796 2387 912 2427 nobis
943 2388 1201 2424 animadversa
1241 2390 1441 2426 securitate

148 2452 187 2478 2.
220 2441 586 2492 Craffus—Cicero.
626 2444 739 2478 Prius

89 2497 183 2534 vide
213 2499 259 2534 de
292 2499 362 2536 Or.
388 2513 404 2535 ι
422 2527 434 2542 ,
463 2509 527 2544 54.
561 2499 739 2536 Alterum

90 2554 348 2590 demonstrare
402 2569 484 2592 non
532 2556 736 2603 contingit.

90 2609 231 2658 Neque
265 2611 368 2647 enim
407 2613 482 2648 nisi
514 2613 558 2648 in
599 2625 738 2660 genere

98 2666 408 2704 commendatam
419 2669 651 2704 Graecarum
674 2666 739 2703 lit-

91 2730 266 2758 terarum
306 2725 623 2762 exercitationem
659 2737 739 2763 me·

798 2443 1044 2491 Quintiliani,
1080 2445 1150 2493 qui
1180 2444 1303 2482 libros
1335 2458 1442 2481 cum-

795 2500 965 2536 maxime
994 2500 1168 2536 laudatos
1207 2516 1332 2551 neque
1362 2515 1442 2537 me·

795 2557 922 2592 moria
983 2558 1149 2593 tenuerit
1204 2572 1330 2608 neque
1387 2558 1443 2592 in-

796 2613 974 2661 spexerit.
1035 2614 1240 2666 SedNsuam
1269 2615 1444 2664 inopiam

796 2667 864 2703 hic
903 2669 1029 2706 testari
1064 2670 1291 2720 interpretes
1333 2671 1445 2708 debe·

796 2724 900 2761 bant.
