1676 3028
281 235 380 296 364
595 239 668 285 Μ.
700 239 833 286 FAB.
864 239 1270 299 QUtN‘rmANI

277 360 450 411 solum
467 378 534 409 ne
554 361 786 410 dicamus
811 363 986 410 omnia
1009 360 1249 419 clamose,
1273 363 1430 427 -quod
1456 365 1590 424 insa-

277 453 410 486 num
443 435 537 495 est3
589 447 679 485 aut
706 438 840 485 intra
871 436 1126 501 loquendi
1152 436 1394 498 modum,
1442 441 1587 505 quod

274 607 382 644 hisce
401 606 543 647 naevis,
573 607 665 644 vide
683 607 785 644 mihi
803 607 1042 644 insolentiam
1063 618 1099 643 et
1115 604 1402 645 inconstantiam
1422 610 1587 653 dicendi.

274 662 347 698 ubi
363 662 546 708 primum,
576 663 619 698 id
639 664 742 711 quod
765 665 885 711 tetigi,
906 664 949 698 in
969 676 1075 698 mero
1095 664 1276 699 audiendi
1296 677 1409 713 opere
1426 665 1588 712 aspectus

273 717 371 752 :soi-is
392 718 596 759 arceffitur‚
628 719 764 754 deinde
790 720 928 755 Graeca
959 719 1077 754 dictio
1098 719 1147 753 sic
1166 719 1388 766 implicatur
1409 721 1587 763 orationi,

268 767 318 806 ¹ut
339 770 408 806 fiat
431 785 481 812 ea,
511 786 591 808 non
613 774 702 809 artis
727 774 883 822 aliquod
902 773 1145 813 vocabulum,
1175 775 1235 808 sed
1258 773 1392 814 latini,
1417 788 1495 822 quo
1512 777 1587 814 uti-

269 835 336 862 tur
375 827 499 862 noster
534 828 576 863 in
612 828 867 876 explanando,
913 829 1133 865 substantivi
1172 829 1404 877 appositum:
1450 843 1587 875 μονοει-

268 879 332 925 1δῆς
360 880 533 929 aspectus.
585 885 669 920 Nec
696 897 857 932 usquam
887 885 929 919 in
951 884 1062 919 libris
1084 884 1304 923 ostenditur,
1333 886 1438 932 quod
1465 896 1613 920 tamen.

271 937 395 984 magis
426 937 519 974 ferri
536 950 705 987 poterat:
738 965 761 979 „
776 940 879 986 quod
900 940 1040 974 dicitur
1066 938 1251 982 μονοειδὶς.
1266 945 1290 960 “
1329 940 1442 986 Quod
1462 950 1589 974 autem

272 991 405 1026 Turio.
432 992 537 1027 nulla
554 1005 707 1029 notatur
725 995 766 1029 in
785 994 859 1029 hoc
880 995 1023 1030 Graeco
1048 994 1270 1034 differentia,
1301 994 1586 1030 obscurioribus

270 1044 489 1088 {litterarum
507 1048 683 1084 ductibus
703 1049 867 1096 imputo,
889 1050 957 1096 qui
975 1050 1125 1096 agnosci
1145 1060 1222 1083 non
1233 1049 1442 1096 potuerint.
1465 1049 1586 1096 Equi-

271 1101 360 1137 dem
391 1102 494 1136 mihi
522 1103 600 1149 ipse
630 1103 780 1143 irascor,
816 1103 921 1150 quod
952 1103 1054 1138 nihil
1074 1103 1151 1138 sani
1172 1104 1354 1139 extundo·
1410 1104 1587 1140 Debebat

269 1158 375 1200 enim
391 1183 401 1197 ,
434 1157 462 1191 si
490 1156 589 1192 forte
619 1167 744 1193 cantas
765 1158 960 1194 excidiffet
980 1158 1061 1206 post
1083 1170 1190 1197 unus,
1219 1159 1317 1194 ratio
1343 1159 1470 1207 aliqua
1491 1159 1587 1194 iniri

267 1211 471 1248 mutandae
498 1213 606 1248 vocis
633 1212 816 1261 aspectus,
846 1214 888 1247 in
916 1227 986 1261 qua
1016 1214 1159 1248 vitium
1179 1212 1261 1247 satis
1280 1225 1404 1261 aperte
1427 1214 1587 1250 demon-

267 1267 357 1303 strat
377 1267 520 1305 Turio„
551 1267 711 1315 aspectos
730 1268 902 1315 profecto
923 1280 1002 1303 non
1023 1267 1197 1307 daturus,
1223 1267 1296 1302 nisi
1314 1267 1464 1315 aliquid
1480 1267 1586 1309 ,malo

267 1321 412 1358 lectum
445 1321 504 1356 ibi
524 1322 612 1357 effet
631 1336 650 1356 a
677 1321 850 1358 librario.
909 1323 995 1357 Hoc
1023 1323 1140 1357 modo
1170 1322 1586 1370 compendifaceremus

266 1377 506 1424 meum-eque
528 1375 658 1424 aliquo
678 1388 909 1413 mutaremus
932 1379 1042 1412 etiam
1061 1376 1259 1412 molestum
1278 1376 1377 1412 illud
1393 1390 1464 1418 ars,
1479 1377 1586 1426 qnod

265 1433 464 1468 novitium
492 1432 720 1479 corrigentis
750 1433 902 1468 librarii
933 1442 1191 1468 commentum
1219 1432 1308 1471 effe,
1337 1431 1447 1480 plane
1479 1432 1581 1467 mihi

261 1487 521 1536 persuadetur.
551 1487 692 1522 Rursus
711 1501 821 1535 porro
841 1488 1008 1534 probum
1030 1487 1078 1522 est
1096 1497 1134 1521 et
1149 1485 1264 1521 habet
1283 1487 1430 1522 solitam
1450 1487 1578 1522 nostro

262 1542 346 1577 ‘vim
373 1542 415 1575 in
445 1541 607 1576 transitu
632 1551 669 1575 et
691 1542 940 1590 oppositione.
974 1542 1020 1576 cf.
1046 1551 1081 1580 2,
1103 1550 1138 1583 5,
1164 1547 1198 1583 5.
1227 1548 1265 1583 5·
1289 1541 1324 1582 6,
1349 1549 1386 1586 8.
1415 1541 1578 1589 Alioqui

260 1593 575 1646 pronunciationis
607 1597 805 1631 variandae
834 1597 915 1631 sane
946 1595 1111 1632 blandiri
1130 1595 1255 1643 possit.
1311 1599 1461 1632 Praeter
1482 1596 1577 1632 haec

258 1650 422 1686 salebrae
442 1651 526 1686 sunt
543 1651 584 1685 in
611 1663 656 1685 eo
678 1664 844 1698 quoque,
875 1652 976 1698 quod
994 1649 1092 1686 illud
1114 1665 1158 1685 ne
1175 1652 1429 1699 quis—putet
1448 1661 1576 1687 manet

258 1703 535 1753 ἐγκνταπόὸοτον
547 1719 557 1745 ;
570 1717 787 1752 quanquam
795 1706 911 1740 video
922 1707 1025 1754 posse
1038 1705 1206 1752 intelligi
1217 1705 1426 1755 simplicem
1438 1705 1575 1742 diffua-

257 1761 425 1800 sionem3
449 1761 508 1796 sed
527 1761 603 1795 hoc
622 1760 650 1794 si
666 1759 847 1801 voluisset
869 1761 955 1806 Qu„
969 1761 1160 1795 dicturum
1175 1760 1361 1796 arbitror:
1392 1762 1469 1796 Neo
1480 1763 1575 1809 qu1’s-

259 1830 368 1865 quam
388 1835 440 1842 —
458 1824 582 1863 putet,
612 1827 690 1849 non
711 1826 755 1850 ut
774 1828 875 1850 nunc
895 1816 955 1856 est,
985 1815 1054 1850 ubi
1074 1815 1127 1850 Ac
1145 1815 1253 1861 jubet
1268 1827 1462 1864 expectare
1481 1829 1576 1866 pen:

258 1872 412 1907 dentem
435 1871 524 1906 inde
543 1871 773 1906 sententiam.
832 1871 968 1918 Neque
990 1871 1090 1906 enim
1115 1870 1228 1906 credo
1248 1871 1360 1918 jungi
1377 1870 1428 1906 sic
1445 1871 1572 1918 poffex

256 1929 354 1969 ‚‚Ac,
368 1941 414 1962 ne
429 1945 480 1953 --
493 1927 670 1974 aspectus,
681 1939 739 1961 ars
757 1938 875 1973 porro
898 1931 996 1961 cet.“
1021 1924 1125 1960 Alias
1149 1926 1250 1960 enim
1266 1939 1374 1972 porro
1395 1925 1436 1960 in
1453 1926 1571 1961 initio

256 1983 427 2017 sensuum
450 1979 546 2029 poni
565 1979 670 2015 solet.
728 1981 789 2015 Sic
809 1992 972 2029 apparet,
1005 1981 1152 2028 opinor,
1177 1980 1243 2016 etfi
1261 1993 1318 2016 res
1339 1991 1375 2015 et
1392 1980 1571 2016 sententia

256 2037 342 2072 satis
361 2037 608 2086 perspiciatur
627 2036 669 2070 in
688 2033 806 2076 hisce,
831 2036 1042 2072 orationem
1065 2046 1188 2070 tamen
1209 2034 1323 2083 longe
1346 2035 1416 2070 effe
1437 2050 1456 2070 a
1475 2035 1570 2070 sani·

256 2102 345 2132 tate,
369 2106 493 2140 quam,
515 2105 562 2127 ne
586 2091 814 2136 conjecturis
839 2091 994 2139 quidem
1014 2090 1212 2130 tentandis,
1232 2091 1268 2125 ei
1288 2090 1445 2126 reddere
1466 2090 1570 2125 mihi

257 2149 469 2196 contingit,
509 2156 688 2182 contento
720 2157 915 2194 utcunque
955 2147 1025 2181 hac
1056 2144 1286 2181 difficultatis
1318 2145 1567 2194 expositione.

258 2202 476 2244 Gallaeum,
512 2201 646 2250 glossas
678 2202 909 2237 accusantem
936 2202 977 2236 in
1006 2201 1109 2236 hisce
1139 2199 1239 2250 quasi
1263 2219 1318 2227 —
1347 2199 1507 2248 aspectus
1529 2210 1569 2236 et

254 2273 329 2294 una
347 2275 404 2284 —
424 2260 591 2296 intentio,
611 2269 909 2292 commemorare
934 2258 1003 2291 vix
1025 2256 1168 2291 attinet.
1229 2255 1355 2295 Verba
1375 2255 1467 2291 haec
1488 2253 1568 2303 ipsa

253 2314 393 2349 laboris
408 2331 463 2342 --
487 2315 550 2348 diu
571 2311 754 2360 poſj'umus
781 2312 895 2347 habet
919 2311 1052 2347 Floril.
1076 2313 1223 2347 Santen.
1246 2310 1349 2346 hisce
1373 2309 1462 2346 solis
1480 2323 1566 2345 mu·

250 2370 358 2405 tatis:
400 2371 574 2407 mutatio,
605 2368 716 2407 nihil,
747 2366 812 2402 vel
831 2368 895 2403 nil.
927 2367 1043 2409 [Vid.
1066 2366 1293 2408 Addenda.]

337 2461 434 2494 intra
452 2456 635 2506 loquendi,
669 2455 799 2490 Turio.
833 2457 925 2489 incer
955 2454 1199 2504 alloquentem
1218 2467 1303 2490 cum
1322 2452 1422 2489 Alm.
1445 2465 1562 2500 quan·

251 2527 367 2564 quam
387 2514 463 2550 hoc
480 2525 549 2563 per
569 2510 853 2560 compendium.
882 2509 984 2547 Flor.
1009 2513 1106 2545 intra
1126 2510 1380 2559 alloquentem.
1407 2508 1562 2543 Era-oris

308 2662 371 2698 45.
401 2656 496 2690 intra
526 2654 700 2702 loquendi
718 2653 878 2687 modum.
935 2652 1030 2694 diet
1052 2650 1196 2684 dicendi
1221 2649 1423 2697 oppositio,
1455 2647 1501 2684 cf.
1522 2653 1560 2694 4,

251 2711 297 2750 ef.
320 2714 354 2759 §.
374 2716 412 2755 8.
442 2709 570 2745 Solita
584 2719 710 2745 autem
732 2709 880 2756 loquen-
936 2716 975 2748 2,
1001 2712 1090 2750 ²²8»
1123 2717 1197 2755 qua
1213 2707 1299 2741 ulus
1319 2705 1368 2740 est
1385 2703 1560 2753 Eupoli&
