1676 3028
374 175 536 222 INST.
577 173 855 220 ORATOR.
892 172 1016 217 LIB.
1050 171 1123 228 X,
1160 184 1207 215 2.
1374 179 1468 225 ³55

116 313 206 353 tur
226 302 362 361 data,
399 302 465 352 ad
496 301 776 351 victoriam
812 298 1075 366 spectent:
1122 297 1256 364 quid
1280 307 1465 362 agatur

115 382 417 447 prooemio,
457 397 592 446 quae
616 379 747 427 ratio
773 388 824 426 et
846 393 1005 441 quam
1025 378 1168 425 varia
1191 373 1460 438 narrandi,

119 474 255 522 quae
290 460 374 506 vis
408 456 671 524 probandi
706 472 763 503 ac
805 453 1111 512 refellendi,
1169 462 1363 519 quanta
1401 452 1463 500 in

27 549 108 590 929
121 531 395 585 affectibus
437 536 610 584 omnis
649 534 854 598 generis
906 530 1189 581 movendis
1230 529 1461 587 scientia,

117 629 387 678 quamque
413 612 528 661 laus
558 608 664 676 ipsa
697 610 970 675 popularis
1015 609 1258 658 utilitatis
1297 607 1462 672 gratia

117 686 346 745 assumta,
360 705 495 754 quae
515 699 630 737 tum
652 686 723 734 est
744 687 1117 752 pulcherrima,
1140 701 1263 734 cum
1291 683 1462 749 sequi-

116 776 232 823 tur,
268 783 381 815 non
423 783 546 814 cum
580 761 849 813 arcessitur.
927 767 1067 813 Haec
1098 762 1136 812 fi
1168 761 1464 829 pervideri-

115 859 253 900 mus,
290 853 407 892 tum
431 859 556 891 vere
588 841 931 890 imitabimur.
1004 842 1112 908 Qui
1145 857 1275 890 vero
1302 840 1461 888 etiam
1484 853 1538 894 23

115 921 330 985 propria
351 920 435 968 his
460 919 597 968 bona
623 918 892 978 adjecerit,
917 928 994 985 rut
1023 917 1286 984 suppleat,
1324 932 1460 982 quae

115 995 355 1055 deerant,
396 995 762 1053 circumcidat,
798 990 835 1042 sl
861 985 993 1061 quid
1031 994 1376 1051 redundabit,
1412 994 1459 1042 is

113 1075 246 1132 erit,
317 1089 477 1138 quem
522 1074 851 1136 quaerimus,
929 1070 1195 1138 perfectus
1249 1082 1456 1121 orator:

112 1166 276 1216 quem
301 1168 445 1200 nunc
474 1147 829 1201 consummari
849 1149 1172 1219 potiffimum
1200 1158 1455 1216 oporteat,

187 1305 370 1355 spectent.
413 1305 544 1342 Turic.
579 1305 738 1357 spectat.
1014 1315 1160 1355 agatur.
1203 1305 1321 1342 Goth.
1364 1306 1452 1349 (tac.

111 1363 238 1406 Gesn.)
269 1372 397 1411 agant.
599 1363 791 1412 affectibus
816 1366 945 1400 omnis.
979 1364 1110 1400 Turio.
1132 1361 1236 1398 flor.
1257 1365 1295 1407 (a
1318 1374 1376 1411 pr.
1399 1374 1454 1396 m.

108 1425 290 1468 uterque)
329 1419 471 1455 actibus
497 1421 677 1456 omnibus.
709 1420 782 1456 Ille
813 1420 872 1456 nil
901 1421 972 1456 nisi
1008 1422 1128 1455 omnis
1167 1419 1343 1468 corrigit.
1392 1419 1455 1452 Ex

105 1474 210 1511 Alm.
245 1475 397 1511 actibus.
669 1478 871 1513 movendis.
923 1477 1057 1513 Turio.
1095 1477 1227 1524 Camp.
1269 1474 1455 1511 movendi.

105 1531 211 1570 Voss.
232 1540 271 1575 5.
302 1532 497 1568 m'oventla.
731 1547 908 1583 quamque
934 1553 987 1560 —-
1019 1534 1158 1581 gratia.
1190 1532 1323 1568 Turic.
1347 1530 1455 1566 Flor.

103 1587 192 1634 (hio
209 1601 231 1622 a
250 1601 310 1637 pr.
329 1590 403 1633 m.)
440 1589 630 1626 omittunt
652 1603 741 1626 cum
762 1589 866 1626 Alm.
894 1592 970 1625 Pro
994 1603 1171 1639 quamque
1195 1587 1322 1625 Gueli.
1345 1599 1457 1638 quam

105 1645 214 1693 quod.
244 1645 342 1682 Jens.
374 1655 587 1695 quantaque
613 1660 700 1683 cum
725 1647 810 1682 edd.
834 1647 993 1695 posterr.
1014 1656 1099 1681 ante
1131 1646 1239 1682 Gesn.
1266 1646 1455 1682 Nostrum

103 1700 224 1737 Goth.
246 1701 378 1749 Camp.
397 1703 510 1738 Bern.
539 1716 674 1751 margo
695 1702 801 1739 Bam.
825 1715 863 1740 et
882 1702 1174 1751 suafit·Regius.
1379 1710 1456 1736 tum

103 1753 168 1810 ψ.
191 1757 324 1793 Tutic.
348 1771 427 1792 cum
445 1772 475 1794 e.
497 1760 595 1797 Jens.
614 1761 729 1796 Tarv.
752 1769 874 1796 tamen
894 1773 925 1796 e.
986 1761 1085 1794 Mox
1105 1758 1233 1795 Guelf.
1266 1769 1351 1795 ante
1373 1755 1454 1807 seq.

98 1813 260 1849 omittit
291 1827 382 1848 cum.
605 1817 706 1851 Haec
721 1815 770 1866 fi·
802 1816 936 1853 Turio.
955 1814 1059 1851 Flor.
1080 1815 1251 1851 inserunt
1277 1830 1368 1853 cum.

113 1874 116 1877 '
189 1869 465 1916 perviderimus.
519 1871 647 1907 Guelf.
699 1874 980 1921 providerimus.
1019 1871 1140 1908 Goth.
1190 1875 1281 1917 (tac.
1323 1871 1456 1917 Gesn.)

101 1925 383 1975 pervidebimus.
407 1926 511 1963 Voff.
526 1938 561 1963 2.
582 1930 869 1976 praeviderimus
890 1929 956 1975 (cf.
972 1931 1005 1976 §.
1019 1934 1083 1972 24.
1104 1928 1198 1964 item
1224 1942 1287 1971 10,
1307 1937 1344 1972 3,
1371 1929 1454 1972 18.)

101 1994 195 2018 cum
217 1982 318 2021 Jens.
353 1991 390 2018 et
425 1981 510 2019 edd.
542 1984 700 2032 posterr.
733 1998 819 2023 ante
845 1988 968 2022 stoer.
1001 1997 1082 2021 exc.
1103 1983 1215 2021 Bafil.
1249 1997 1325 2020 acc.
1350 1984 1455 2021 Gibs.

103 2037 202 2074 obr.
233 2037 394 2086 capper.
424 2038 612 2075 Nostrum
658 2040 722 2077 dat
753 2054 790 2079 et
822 2042 922 2080 vall.
1197 2054 1282 2078 vere
1318 2040 1454 2078 Turio.

102 2092 208 2132 Flor,
231 2093 317 2137 (hic
337 2107 357 2128 a
373 2107 431 2142 pr.
454 2095 527 2140 m.)
550 2096 736 2134 omittunt
758 2112 845 2135 cum
864 2098 968 2134 Alm.

188 2155 253 2194 28.
283 2149 516 2190 redundabit,
540 2153 582 2188 is.
621 2152 752 2190 Tul-ic.
785 2155 889 2191 Flor.
923 2154 1008 2198 (hic
1030 2167 1050 2189 a
1069 2167 1129 2203 pr.
1150 2155 1224 2198 m.)
1255 2151 1454 2190 omittunt.

103 2201 207 2240 Alm.
228 2205 450 2240 redundabit
470 2206 650 2243 omittere
671 2209 827 2246 dicitur.
885 2211 920 2246 A
944 2211 1077 2259 Camp.
1101 2210 1202 2247 abest
1224 2212 1263 2246 is.

185 2259 422 2311 potiffimum.
455 2262 589 2312 Camp.
627 2265 935 2318 perfectiffimum.
1168 2275 1353 2316 oporteat.
1392 2265 1456 2303 Sic

160 2374 212 2410 ad
231 2375 426 2410 victoriam
442 2372 623 2423 spectent.
647 2377 694 2414 cf.
710 2387 747 2420 2,
806 2378 871 2414 Est
891 2377 1041 2428 fragor,
1073 2378 1199 2428 qualis
1224 2380 1456 2417 Ciceronem

102 2439 149 2474 4,
181 2440 246 2475 52.
276 2438 326 2478 5,
361 2442 432 2472 12,
466 2441 532 2466 22.
561 2433 658 2469 item
685 2445 746 2475 12,
806 2435 1037 2483 sequebatur
1058 2443 1094 2481 8,
1127 2446 1165 2480 5,
1196 2445 1235 2482 3.
1266 2437 1339 2474 ubi
1359 2440 1392 2486 §.
1418 2445 1454 2471 2.

104 2498 176 2527 ao,
206 2493 273 2534 48.
808 2491 859 2527 est
878 2492 1003 2541 ipsum
1021 2492 1206 2530 nostrum.

155 2543 238 2579 laus
248 2545 504 2593 —popularis
513 2564 565 2572 —
578 2544 747 2596 affumta.

98 2599 306 2649 Quidquid
343 2614 511 2637 coronae
548 2602 661 2639 datur
699 2603 747 2639 ad
865 2611 932 2650 28.
993 2605 1158 2642 deerant.
1219 2606 1261 2643 N
1264 2618 1316 2641 on
1356 2602 1457 2639 malo

95 2654 273 2703 plausum
301 2657 525 2706 petendum.
586 2659 648 2694 Sic
684 2671 746 2700 12,
804 2661 991 2699 Francius
1023 2662 1153 2700 suadet
1185 2661 1456 2712 reponendum

103 2722 172 2751 ιο,
205 2721 270 2756 72.
306 2713 389 2749 laus
433 2715 539 2763 vulgi
588 2715 746 2752 dieitur.
806 2717 971 2755 deerunt.
