1676 3028
256 234 258 237 .
326 178 498 225 ins-r.
533 175 813 248 onnon.
849 173 972 219 Lm.
1008 173 1080 229 Χ,
1118 183 1161 229 7.
1258 191 1261 194 ⁴
1326 177 1425 223 215

72 311 231 361 etiam
261 307 319 356 in
340 303 680 354 tabernaculo
711 296 907 351 solebat
934 299 1031 349 hac
1065 299 1148 349 uti
1176 296 1424 357 exercita-

72 389 221 437 tione
241 381 468 434 dicendi.
509 382 597 430 Ne
618 379 678 428 id
696 368 914 444 quidem
936 374 1235 432 tacendum,
1271 371 1422 437 quod
1446 384 1498 424 28

76 463 253 514 eidem
311 458 562 511 Ciceroni
630 457 824 523 placet,
901 454 1118 504 nullum
1182 449 1426 501 nostrum

77 554 307 605 usquam
347 537 702 602 negligentem
746 529 844 581 else
888 530 1210 580 sermonem:
1267 525 1427 591 quid-

79 616 214 684 quid
233 617 521 679 loquemur
543 607 868 674 ufficimque,
902 607 968 656 fit
991 624 1089 674 pro
1114 606 1204 656 sua
1231 603 1428 652 scilicet

80 694 331 761 portione
350 687 658 756 perfectum.
738 684 1087 736 Scribend'um
1125 693 1263 732 certe
1284 697 1426 730 nun-

83 785 245 836 quam
269 765 341 816 est
363 766 548 831 magis,
585 782 742 830 quam
763 780 886 813 cum
910 761 1079 812 multa
1099 761 1338 810 dicemus
1362 774 1426 806 ex

83 857 336 911 tempore.
446 845 522 891 lta
558 843 702 890 enim
730 839 1024 890 servabitur
1063 837 1312 904 pondus,
1374 844 1428 883 et

83 924 323 973 innatans
379 919 472 968 illa
530 919 823 968 verborum
879 915 1100 965 facilitas
1147 916 1206 964 in
1259 913 1428 961 altum
1470 903 1482 909 ’

171 1049 237 1087 28.
267 1028 482 1080 tacendum.
521 1040 632 1089 quod.
675 1040 737 1075 Sic
767 1038 902 1074 Turio.
945 1036 1049 1073 Flor.
1103 1036 1188 1081 (hic
1217 1049 1236 1071 a
1263 1046 1321 1084 pr.
1353 1033 1428 1078 m.)

82 1098 243 1147 Reliqui
261 1098 434 1134 inserunt
464 1093 526 1145 est.

764 1095 894 1131 eidem.
926 1093 1060 1130 Turio.
1092 1095 1226 1142 Camp.
1259 1091 1367 1143 idem:

168 1155 369 1205 loquemur.
394 1154 526 1189 Turic.
548 1151 652 1187 Flor.
677 1151 797 1188 Goth.
822 1154 913 1196 (tac.
937 1150 1068 1194 Gesn.)
1091 1150 1225 1198 Camp.
1246 1147 1430 1197 loqm‘mur

83 1224 172 1249 cum
194 1210 296 1247 Voss.
319 1220 356 1246 2.
377 1210 607 1258 loqueremur
636 1208 741 1246 Voss.
763 1216 799 1252 3.
837 1209 937 1243 Mox
958 1208 1091 1256 Camp.
1121 1205 1254 1242 inserit
1282 1205 1353 1241 vel.

162 1267 229 1318 sit.
271 1266 404 1302 Turio.
446 1265 550 1301 Flor.
583 1265 668 1309 (hic
688 1278 706 1298 a
726 1278 785 1313 pr.
806 1268 877 1307 m.)
906 1263 998 1313 sint.
1203 1301 1212 1312 ·

535 1356 539 1357 ⁷
569 1320 786 1371 perfectum.
816 1321 951 1356 Turio.
984 1318 1090 1355 Flor.
1131 1315 1217 1365 (hic
1237 1331 1256 1351 a
1278 1330 1337 1365 pr.
1357 1315 1433 1364 m.)

711 1379 894 1413 innatans.
926 1376 1060 1412 Turic.
1093 1376 1156 1410 ina
1182 1383 1294 1409 trans.
1325 1372 1430 1409 Flor-

84 1326 178 1362 cam
185 1338 219 1373 p.
242 1322 308 1374 sit.

82 1379 247 1431 perfecte
273 1393 361 1416 cum
374 1377 475 1415 Alm.

83 1481 238 1519 lescens.
288 1481 362 1516 Sed
388 1479 551 1515 eundem
572 1478 732 1515 bellicas

83 1552 146 1576 :res
167 1536 308 1586 geffiffe
329 1550 408 1573 non
429 1535 597 1584 reperio,
625 1546 670 1570 ut
689 1535 732 1573 in

84 1593 334 1630 tabernaculo
382 1592 567 1628 meditari
616 1601 732 1640 potu-

87 1651 174 1690 erit,
190 1661 228 1686 et
248 1661 387 1687 vereor
413 1661 527 1698 quam
551 1648 734 1688 maxime,

87 1720 136 1744 ne
161 1706 255 1755 quid
275 1705 340 1742 hic
368 1704 587 1742 turbaverit
606 1703 734 1740 noster

87 1756 318 1812 permutatis
334 1761 434 1797 inter
451 1761 485 1796 se
497 1759 733 1810 Cn.Papirio

92 1818 270 1855 Carbone
298 1827 356 1852 ter
387 1816 553 1857 consule,
590 1816 734 1852 Cinnae

91 1874 230 1913 amico,
254 1871 381 1909 Sullae
408 1873 634 1913 adversario,
669 1872 739 1920 qui

91 1929 225 1967 multis
282 1929 397 1965 rebus
459 1928 570 1977 gestis
630 1927 738 1976 turpi

94 1985 286 2036 supplicio
341 1986 572 2022 interemtus
625 1985 675 2020 est
717 1997 737 2018 a

94 2042 296 2090 Pompejm
328 2051 365 2077 et
394 2042 435 2078 C.
461 2041 616 2089 Papirio
647 2042 738 2077 Car-

94 2096 220 2137 b0ne,
260 2097 420 2133 tribuno
453 2096 603 2145 plebis,
643 2109 739 2134 mox

98 2152 274 2194 consule,
316 2152 625 2188 Gracchanarum
658 2163 739 2187 tur·

97 2209 234 2246 barum
253 2209 368 2244 socio.
426 2208 592 2244 Accedat
617 2208 741 2256 igitur

97 2265 175 2301 hoc
207 2263 367 2312 reliquis
411 2264 493 2310 ejus
531 2264 741 2304 erroribus,

98 2321 146 2357 cf.
185 2315 255 2362 ιὀ,
293 2335 336 2360 1.
367 2320 430 2356 66.
478 2320 743 2355 Pseudo-Tur-

98 2377 221 2414 nebus
253 2389 333 2412 non
352 2375 452 2412 male
472 2375 550 2411 huc
581 2376 745 2411 advocat

97 2434 263 2469 Brutum
283 2432 324 2467 in
343 2427 513 2468 tentorio
532 2443 646 2467 nocte
660 2442 744 2468 ante

97 2501 269 2539 pugnam
302 2488 553 2524 Pharsalicam
586 2487 747 2535 Polybii

98 2544 278 2581 historias
317 2555 608 2594 excerpentem,
638 2544 747 2593 quod

100 2606 226 2638 narrat
245 2599 490 2639 Plutarchus,

163 2718 226 2758 28.
259 2715 426 2753 Ciceroni
442 2714 578 2766 placet.
596 2713 748 2751 Frustra

1271 1259 1432 1309 scilicet.

792 1477 986 1526 quaesivi,
1021 1476 1128 1524 quod
1151 1474 1297 1523 reliqui
1317 1475 1442 1510 securi

789 1543 1121 1574 transcurrerunt,
1153 1532 1225 1568 ubi
1252 1531 1329 1568 hoc
1353 1531 1443 1566 effet

790 1590 894 1639 apud
915 1591 1158 1626 Ciceronem.
1220 1588 1299 1635 Qui
1329 1587 1441 1623 locus

793 1648 885 1683 dum
920 1656 1122 1696 appareat,
1153 1644 1439 1694 ignorabimufl,

791 1715 979 1753 quantum
1029 1714 1077 1738 ex
1130 1702 1213 1750 ipso
1269 1700 1444 1737 sumserit

791 1759 930 1801 noster,
962 1759 1059 1808 quid
1082 1760 1127 1795 de
1147 1759 1212 1795 suo
1234 1757 1440 1794 addiderit.

793 1816 839 1850 Id
872 1816 979 1864 quod
1016 1816 1082 1851 hic
1117 1815 1239 1850 deeffe
1281 1814 1442 1850 videtur

767 1872 927 1918 sde‘bere
975 1873 1060 1920 post
1113 1870 1179 1907 vel
1230 1882 1316 1908 ante
1355 1868 1440 1919 effe,

793 1928 926 1965 minus
955 1919 1164 1964 necessario
1197 1927 1444 1966 desideratur,

795 1984 888 2032 quia
933 1985 1130 2034 praecedit
1177 1984 1313 2032 placet.
1382 1981 1445 2018 Ad

794 2041 984 2089 loquemur
1020 2052 1149 2076 autem
1196 2052 1444 2087 nequaquam

794 2096 1050 2132 incidendum
1075 2097 1137 2137 est,
1170 2110 1218 2133 ne
1241 2097 1444 2144 ubicunque

797 2152 1008 2189 diremtum
1057 2153 1149 2189 inde
1193 2153 1360 2202 pendeat
1407 2161 1447 2188 et

796 2207 966 2244 vacillet.

858 2266 1030 2300 innatans
1050 2264 1117 2301 illa
1140 2265 1334 2301 verborum
1344 2262 1445 2312 faci-

801 2320 901 2356 litas.
932 2321 978 2356 cf.
1003 2331 1039 2365 7,
1074 2334 1106 2361 ι,
1139 2327 1202 2366 44.
1241 2322 1445 2358 Advocant

800 2376 879 2414 huc
905 2377 990 2414 VV.
1019 2378 1112 2413 DD.
1145 2376 1299 2414 Colum.
1324 2383 1375 2424 4,
1409 2384 1446 2422 8.

804 2432 874 2481 qui
908 2433 1140 2470 rusticorum
1187 2433 1288 2470 illud
1325 2435 1448 2472 artifi-

803 2489 908 2524 cium
943 2491 1168 2537 amputandi
1198 2491 1361 2528 summas
1388 2505 1447 2527 ra-

804 2545 908 2580 dices
931 2546 1073 2580 vitium
1099 2547 1231 2596 tangit,
1253 2547 1299 2583 de
1322 2548 1447 2595 eoque

801 2602 1003 2651 praecipit.
1026 2603 1072 2638 cf.
1098 2614 1135 2639 et
1155 2605 1185 2640 Ι.
1206 2603 1258 2639 H.
1271 2604 1449 2641 Voffium

803 2657 851 2693 ad
872 2657 1014 2706 Georg.
1035 2659 1104 2696 lib.
1119 2670 1155 2695 2.
1175 2674 1213 2709 p.
1228 2662 1450 2697 Commeat.

804 2718 899 2763 594.
933 2715 1243 2767 Ablaqueationis
1263 2718 1314 2754 est
1334 2730 1450 2755 voca-
1524 2717 1528 2723 '
