1676 3028
323 275 420 333 276
620 275 694 320 M.
740 275 873 320 FAB.
923 273 1328 333 QUINTILIANI
1399 304 1403 311 .

325 399 476 456 cedit,
500 399 586 446 vel
612 398 816 452 erroris,
837 395 923 444 vel
943 393 1260 459 suspicionis.
1297 395 1631 447 Tutissimum

325 491 448 539 ergo
483 473 831 539 poenitentiae
855 469 1119 528 confessio,
1147 482 1197 525 et
1221 466 1492 521 satisfactio
1521 475 1630 522 cul-

327 566 447 615 pae:
494 545 966 612 perducendusque
998 548 1144 595 omni
1178 545 1341 595 modo
1374 546 1530 606 judex
1567 549 1633 596 ad

254 638 304 673 77
328 628 435 673 irae
484 621 758 687 pudorem.
826 621 1027 671 Accidit
1063 623 1215 670 etiam
1249 623 1634 686 nonnunquam

323 699 503 748 eadem
524 696 686 755 causa,
729 697 795 745 de
816 714 919 761 qua
936 698 1321 763 pronunciarit,
1342 696 1634 761 cognoscat-

323 790 428 839 que
471 775 696 821 iterum:
752 783 869 821 tum
901 773 1038 821 illud
1082 773 1296 836 quidem
1338 789 1633 830 commune,

324 848 465 914 apud
484 850 646 897 alium
665 865 761 902 nos
780 848 1008 908 iudicem
1032 848 1383 912 disputaturos
1405 846 1471 894 de
1491 849 1637 907 illius

323 924 573 974 sententia
605 940 716 973 non
756 921 933 972 fuisse:
988 941 1160 987 neque
1195 926 1336 972 enim
1369 922 1636 971 emendari

326 1001 390 1048 ab
413 1001 531 1056 aliO,
559 1009 715 1063 quam
738 997 866 1063 ipso,
889 997 964 1047 fas
993 998 1114 1047 effe:
1140 1011 1366 1048 ceterum
1391 1014 1452 1046 ex
1474 997 1633 1055 causa,

322 1086 386 1124 ut
412 1091 650 1140 quaeque
678 1075 957 1140 permittet,
994 1085 1083 1123 aut
1106 1076 1340 1139 ignorata
1364 1073 1634 1138 quaedam,

326 1273 432 1308 cedit.
463 1271 590 1307 Turio.
627 1270 730 1308 Flor.
759 1271 891 1319 Camp.
917 1268 1022 1320 causa
1043 1284 1071 1306 c.
1093 1269 1218 1306 Guelf.
1243 1284 1272 1308 c.
1292 1270 1418 1306 credit.
1464 1271 1556 1306 Non
1577 1283 1633 1306 ac-

327 1327 476 1374 quiesco
507 1327 550 1361 in
577 1326 753 1373 vulgata,
783 1327 891 1373 cujus
920 1327 949 1361 fi
978 1327 1027 1361 est
1054 1327 1233 1361 sententia
1253 1327 1431 1370 convenit,
1457 1328 1636 1372 congruit,⁴

326 1383 496 1418 desidero
518 1382 778 1418 auctoritatem
800 1382 852 1417 ita
871 1381 1034 1417 dicendi.
1084 1382 1228 1428 Quidni
1257 1382 1394 1418 fuerit:
1427 1381 1533 1430 causa
1554 1395 1634 1416 con-

326 1439 450 1472 cedit?
479 1449 522 1473 ut
552 1437 654 1486 apud
685 1438 765 1473 Cic.
796 1449 867 1484 pro
899 1437 1061 1484 Quintio
1090 1451 1120 1472 c.
1149 1449 1211 1474 10.
1229 1437 1267 1472 E
1285 1437 1393 1474 illud.
1406 1437 1570 1473 adhaesit
1589 1430 1656 1472 ex⁴

324 1492 422 1528 male
448 1492 645 1528 intellecto
676 1492 906 1540 compendio
935 1491 1097 1539 syllabae
1128 1505 1207 1528 con.
1462 1493 1512 1527 ad
1546 1494 1636 1527 irae.

321 1547 515 1594 Lepidum
538 1547 584 1582 est
605 1556 641 1581 et
661 1547 813 1582 criticae
833 1546 1024 1583 tironibus
1045 1547 1257 1582 notandum
1278 1548 1385 1594 quod
1404 1547 1468 1586 hic,
1490 1548 1532 1581 in
1554 1547 1633 1595 ple-

322 1602 454 1649 risque
479 1603 589 1637 MSS.
633 1601 730 1646 (nec
752 1612 878 1636 tamen
899 1602 1029 1637 Turic.
1059 1612 1124 1637 aut
1142 1601 1243 1636 Flor.
1269 1614 1484 1650 quanquam
1507 1601 1634 1644 Alm.)

322 1657 446 1698 adire,
484 1651 887 1692 feliciter⁵correctum
912 1670 932 1692 a
959 1657 1104 1705 Regio,
1135 1667 1338 1705 praeeunte
1374 1659 1528 1706 Camp..
1554 1670 1634 1693 nou

320 1712 346 1750 J
347 1712 418 1748 ens.
441 1712 556 1748 Tarv.

409 1831 474 1866 77.
514 1834 771 1870 nonnunquam
802 1822 926 1858 eadem
954 1822 1071 1871 causa.
1120 1824 1182 1860 Sic
1214 1823 1343 1860 Turio.
1374 1823 1477 1867 Flor,
1507 1823 1634 1862 Guelf-

323 1879 454 1925 Camp.
487 1891 573 1912 cum
605 1877 722 1915 Goth.
751 1877 854 1917 Vols.
880 1887 917 1915 2.
949 1890 986 1914 et
1010 1879 1092 1914 edd.
1126 1890 1210 1914 ante
1237 1879 1322 1915 Ald.
1345 1880 1412 1928 qui
1430 1880 1560 1915 inserit
1583 1878 1660 1916 uc.'

321 1933 414 1969 Bad.
431 1932 540 1968 Bafil.
562 1945 819 1981 nonnunquam
838 1935 986 1968 eandem
1009 1933 1163 1982 causam.
1190 1935 1348 1983 Reliqui
1366 1950 1401 1972 n.
1424 1944 1464 1970 ut
1485 1935 1634 1970 eandem
1661 1932 1666 1934 ’

322 1987 475 2036 causam.
700 1990 950 2037 pronunciarit
978 1989 1151 2024 dedimus
1178 2003 1196 2024 e
1228 1991 1462 2036 coniectura,
1489 1990 1634 2039 reliqui

322 2046 590 2090 pronunciavit.
819 2043 1089 2094 cognosc-atque.
1127 2045 1256 2080 Turic.
1282 2045 1384 2082 Flor.
1417 2040 1632 2094 cognacque,

320 2098 396 2133 Hic
415 2102 452 2143 (a
473 2100 539 2135 see.
557 2099 641 2141 m.),
663 2097 788 2135 Guelf.
801 2101 895 2135 Exc.
908 2102 1056 2135 Santen.
1070 2101 1200 2148 Camp.
1222 2110 1399 2151 cogatque
1417 2114 1504 2137 cum
1514 2102 1632 2141 Goth.

321 2153 427 2190 Voff.
447 2164 482 2188 2.
517 2165 553 2189 et
581 2154 664 2189 edd.
693 2165 778 2189 ante
795 2154 883 2191 Ald.
921 2156 997 2190 Hic
1021 2165 1154 2203 agatur
1179 2156 1445 2205 transpositum
1466 2156 1546 2204 post
1567 2159 1632 2192 ite-

321 2222 412 2248 rum,
442 2209 616 2244 suadente
637 2210 772 2257 Regio.
812 2210 886 2245 Sed
908 2212 999 2246 Bad.
1017 2210 1125 2246 Bam.
1147 2221 1187 2246 ut
1208 2210 1410 2260 cognoscat.
1433 2213 1545 2249 Tarv.
1570 2222 1632 2248 'co-

320 2265 497 2312 gitatque.
527 2263 684 2312 Reliqui
707 2264 910 2313 cognoscat.
1148 2281 1254 2314 quam
1282 2265 1374 2315 ipso,
1413 2268 1474 2303 Sic
1502 2268 1630 2304 Turio.

322 2318 450 2355 Guelf.
473 2320 603 2367 Camp.
633 2333 720 2354 cum
737 2319 854 2357 Goth.
877 2332 914 2357 et
934 2321 1017 2357 edd.
1038 2332 1120 2357 ante
1142 2321 1289 2370 Grypli.
1313 2334 1390 2358 exc.
1412 2322 1498 2359 Ald.
1527 2322 1630 2356 Reli-

321 2373 390 2420 qui
408 2373 577 2409 inserunt
595 2374 652 2411 ab.
881 2387 921 2411 ur
942 2391 1110 2426 quaeque.
1131 2378 1260 2412 Turic.
1279 2376 1380 2414 Flor.
1400 2376 1525 2414 Guelf.
1538 2378 1628 2412 Exc.

375 2536 709 2588 77.'pronunciarit,
743 2540 949 2590 cognoscat·
1004 2554 1097 2578 mox
1115 2543 1278 2578 remittit
1299 2547 1332 2591 ᾖ.
1355 2549 1418 2588 78.

320 2606 398 2640 que.
457 2594 581 2630 Facile
610 2609 656 2629 ex
682 2598 871 2643 proximis
891 2599 949 2632 in-

318 2647 505 2695 telligitur
535 2650 663 2697 jadra-r.
741 2652 950 2688 Conferen-
1060 2662 1212 2688 ceterum
1241 2665 1285 2687 ex
1314 2652 1430 2701 causa.
1464 2652 1628 2701 Respicit

320 2703 389 2737 dus
422 2716 546 2738 autem
578 2705 656 2739 huc
686 2706 735 2740 est
765 2706 873 2742 locus
901 2708 947 2743 de
1003 2709 1047 2742 ad
1069 2709 1160 2743 illud
1180 2709 1323 2756 quidem
1343 2721 1538 2744 commune.
1582 2709 1645 2746 Iu,

319 2760 551 2805 praejudiciis
583 2760 652 2795 tib.
677 2767 713 2804 5.
742 2774 773 2806 c.
794 2771 829 2798 2.
868 2775 946 2814 quo
1003 2772 1153 2800 ceterum
1174 2766 1219 2801 cf.
1241 2777 1278 2812 9,
1303 2771 1336 2808 4,
1360 2771 1423 2810 85.
1447 2801 1449 2803 ,
