1676 3028
304 166 469 212 INST.
514 162 792 211 ORATOR.
840 159 964 206 Lm.
1009 159 1083 215 X,
1131 170 1175 204 1.
1350 169 1424 217 ‚¹75

69 295 172 350 ‚fibi
190 298 308 358 iure
333 289 629 341 secundum
651 290 848 340 locum.
909 285 1011 337 Sed
1033 303 1158 336 eum
1184 276 1429 336 consuma-

73 374 209 425 mari
246 387 394 421 mors
430 370 712 417 immatura
745 382 858 416 non
893 360 1029 432 paffa
1061 363 1164 412 est:
1201 362 1431 429 puerilia

74 462 251 501 tamen
282 451 398 510 ejus
427 463 587 511 opera
614 455 666 493 et
686 443 968 492 maximam
994 441 1233 491 indolem
1258 439 1431 491 osten-

75 528 217 579 ‹lunt
243 535 295 576 et
318 523 709 579 admirabilem,
748 521 1034 588 praecipue
1055 521 1112 567 in
1139 528 1300 567 aetate
1322 518 1431 576 illa,

76 605 207 657 recti
234 602 441 669 generis
465 601 812 650 voluntatem.
862 596 1104 674 Multum
1125 597 1182 644 in
1216 597 1276 643 V
1270 595 1431 645 akrio
1455 611 1508 648 90

77 681 265 733 Flacco
295 694 468 744 nuper
499 674 779 726 amisimus.
859 673 1156 724 Vehemens
1192 683 1244 722 et
1264 673 1435 739 poeti-

79 775 206 809 cum
250 755 532 822 ingenium
571 751 732 819 Saleji
760 743 906 823 Baffi
935 749 1066 810 fuit,
1117 767 1216 801 nec
1257 749 1435 817 ipsum

168 919 244 957 Sed
269 932 363 956 eum.
406 916 511 955 Flor.
527 915 730 965 fer-renum.
784 915 914 953 Guelf.
943 916 1157 952 Uarrenum.
1203 916 1311 955 Voff.
1343 930 1376 952 ι.
1398 924 1439 960 3.

77 977 284 1030 farrenum.
352 973 455 1011 Alm.
492 973 701 1012 Terrenum.
773 971 893 1008 Bam.
924 972 1109 1007 Varenum
1152 985 1240 1008 cum
1282 973 1438 1022 Gryph.

80 1046 203 1082 marg.
237 1029 372 1081 Steph.
392 1031 499 1066 Ricc.
570 1031 735 1071 „Latere
786 1028 852 1064 hic
880 1035 1039 1078 poetam
1077 1027 1248 1076 aliquem
1289 1040 1441 1065 certum

82 1089 215 1134 „mihi
243 1088 315 1128 cft;
353 1088 416 1124 sed
442 1086 534 1135 quia
563 1085 631 1121 ille
651 1096 784 1135 raptus
808 1085 851 1120 in
876 1084 1003 1133 prima
1023 1095 1154 1125 aetate,
1183 1085 1316 1135 paucis
1340 1086 1441 1122 forte

83 1156 231 1192 „notus
254 1155 291 1180 et
309 1153 549 1181 memoratus
570 1142 655 1179 fuit.
723 1142 909 1178 Varenum
931 1142 956 1176 fi
979 1139 1151 1188 legatur,
1182 1142 1283 1178 sorte
1298 1148 1322 1164 “
1343 1143 1442 1188 (for-

86 1203 204 1246 tass'e)
257 1201 360 1242 „ille
386 1201 487 1242 fuit,
517 1198 584 1235 vel
607 1198 678 1248 ipsi
698 1197 878 1248 gentilis,
915 1210 1032 1246 quem
1059 1210 1080 1232 a
1100 1198 1290 1235 Cicerone
1312 1199 1443 1236 defen-

86 1261 200 1302 „l'um
232 1258 337 1307 saepe
359 1257 463 1307 apud
483 1255 648 1292 Fabium
672 1255 845 1290 nostrum
869 1253 1051 1303 legimus.
1112 1255 1312 1292 Varenum
1332 1270 1444 1293 accu-

88 1316 237 1363 ..fatum
273 1328 292 1349 a
317 1313 502 1361 Bithynis
534 1322 727 1347 memorat
757 1310 907 1346 Plinius
943 1319 978 1353 7,
1013 1323 1045 1347 c.
1078 1311 1115 1347 6.
1147 1312 1208 1347 sed
1239 1326 1356 1362 quem
1378 1312 1447 1348 hie

89 1369 292 1419 „intelligi
316 1371 386 1406 vix
405 1374 543 1418 puto.“
601 1370 812 1404 Burmann.
869 1367 998 1408 „Cum
1020 1367 1224 1405 Gothanus
1244 1380 1281 1405 et
1298 1370 1449 1418 primae

89 1426 311 1470 „editiones
343 1425 600 1466 consentiant,
642 1435 680 1460 et
712 1434 909 1474 praeterea
940 1424 1147 1460 videantur
1179 1425 1274 1461 haec
1303 1429 1449 1462 Severo

91 1482 307 1527 „Cornelio
352 1481 587 1523 convenire,
636 1490 679 1516 ut
716 1481 763 1516 de
806 1492 884 1528 quo
910 1480 1032 1516 modo
1062 1481 1227 1522 dixerit,
1279 1496 1366 1519 eum
1397 1482 1451 1519 ad

20 1578 29 1593 Ν
92 1539 310 1586 „exemplar
337 1540 450 1587 primi
480 1538 568 1574 libri
593 1537 729 1587 bellum
748 1536 910 1574 Siculum
931 1550 1006 1572 non
1024 1536 1290 1590 perscripstffe:
1320 1540 1450 1576 nescio

93 1609 170 1639 „an
190 1608 288 1645 opus
313 1597 356 1632 fit
375 1607 579 1644 quaerere,
610 1593 718 1643 quod
740 1594 878 1630 ἕσαθ’·
899 1592 1092 1639 (fortaffe)
1123 1608 1341 1644 „nusquam
1363 1597 1454 1632 est-‘⁴

88 1653 248 1689 Gesner.
260 1651 523 1692 Turicensem‚
544 1652 711 1687 summae
724 1650 963 1687 auctoritatis
975 1649 1136 1691 librum,
1150 1651 1454 1690 commemorari

95 1708 178 1745 non
196 1708 314 1746 video
347 1707 414 1754 (cf.
440 1707 505 1751 63.
525 1707 622 1744 item
644 1707 896 1756 prooemium
919 1707 1092 1742 nostrum
1113 1709 1230 1745 tertio
1253 1709 1455 1746 volumini

95 1765 344 1816 praemiss'um
372 1777 413 1813 p.
435 1774 472 1808 4.
498 1766 576 1808 5.).
635 1764 669 1800 ,Α
691 1762 1042 1799 Mediolanenfibus
1070 1764 1224 1801 duobus
1246 1766 1351 1802 nihil
1369 1767 1457 1817 opis

98 1820 401 1870 expectandmn,
450 1833 620 1869 quorum
652 1830 816 1869 uterque
846 1819 1012 1857 mutilus
1042 1821 1092 1856 eft
1119 1820 1162 1857 in
1190 1823 1320 1860 nostro
1351 1823 1456 1860 loco.

99 1878 185 1916 Nec
213 1887 342 1914 tamen
373 1876 534 1918 dubito,
570 1878 666 1926 quin
692 1889 832 1912 verum
859 1876 1008 1912 viderit
1037 1878 1295 1916 Burmannus.
1355 1883 1462 1917 Eum

100 1947 218 1982 quem
249 1934 369 1970 modo
399 1932 682 1984 versificatorem
710 1931 919 1983 appellarat
946 1934 1058 1970 tantis
1078 1935 1255 1983 profecto
1274 1936 1460 1974 laudibus

96 1990 179 2037 Qu.
211 2003 291 2027 non
319 1990 516 2026 mactavit.
575 1991 673 2038 Quis
702 1989 770 2026 vel
797 1988 995 2036 Bentlejus
1022 1990 1091 2026 vel
1113 1991 1373 2030 Ruhnkenius
1396 1992 1462 2030 vel

103 2047 297 2084 Porronus
324 2047 441 2083 nobis
468 2060 558 2083 eum
581 2046 908 2083 demonstraturus
930 2046 1004 2088 est,
1035 2048 1106 2096 qui
1127 2047 1193 2084 hic
1214 2047 1432 2095 delitescit?

189 2103 458 2139 admirabilem.
519 2103 583 2139 Sic
602 2103 737 2139 Turic.
759 2102 866 2138 Flor.
889 2103 1022 2152 Camp.
1046 2116 1135 2138 cum
1155 2104 1274 2141 Goth.
1295 2106 1402 2145 Vofl‘.
1425 2117 1464 2145 2·

108 2157 213 2196 Alm.
229 2157 344 2195 Bodl.
374 2169 412 2195 et
448 2159 534 2196 edd.
557 2169 644 2195 ante
666 2157 774 2194 Bam.
833 2157 995 2207 Reliqui
1014 2159 1232 2197 mirabilem.

198 2239 265 2277 90.
314 2226 445 2272 Saleji.
510 2225 616 2263 Plor-
637 2224 729 2276 sali.
801 2225 936 2275 Camp.
965 2225 1070 2262 Salei
1110 2239 1201 2263 cum
1232 2229 1345 2267 Rure.
1375 2229 1465 2269 Ald.

161 2359 363 2412 secundum
380 2359 511 2398 locum.
552 2361 660 2396 Inter
682 2359 765 2410 epi·
820 2369 937 2395 natur
968 2357 1025 2400 is.
1066 2360 1139 2409 qui
1165 2361 1286 2399 multa
1318 2365 1360 2400 in
1389 2365 1470 2403 hoe

103 2431 181 2466 cos
201 2417 363 2454 Latinos
393 2415 619 2465 aVirgilio.
820 2416 935 2464 super
969 2416 1098 2465 poetis
1129 2418 1280 2465 judicio
1312 2422 1472 2469 Quinti.

102 2509 107 2514 ,
169 2474 243 2511 Sed
270 2487 352 2509 eum
373 2485 443 2510 cet.
460 2497 461 2500 =
478 2473 525 2510 cf.
547 2483 629 2510 not.
649 2473 738 2510 crit.
820 2469 951 2508 lianeo
1001 2474 1274 2522 reprehendit,
1333 2480 1472 2530 caspar

103 2574 110 2580 ‚
169 2544 235 2581 90.
266 2531 305 2566 in
330 2530 484 2567 Valerio
509 2529 652 2567 Flacco.
705 2529 765 2566 ef.
819 2528 1004 2564 Barthius
1023 2529 1176 2568 Advers.
1196 2534 1264 2579 56,
1291 2549 1353 2573 ιι,
1377 2538 1474 2573 item

113 2588 226 2626 Fabr.
275 2586 378 2624 Bibl.
425 2589 509 2623 Lat.
561 2585 620 2623 ed.
667 2587 762 2622 Ern.
822 2584 871 2620 ad
911 2587 1003 2624 Stat.
1045 2587 1169 2626 Theb.
1204 2591 1252 2634 6,
1285 2602 1351 2642 93,
1410 2607 1472 2635 10,

116 2643 210 2683 vol.
230 2653 269 2680 Ω.
297 2657 334 2693 p.
361 2650 440 2688 250
459 2644 561 2692 seqq.
593 2641 768 2691 Maligne
827 2650 923 2687 700.

117 2699 188 2737 hie
218 2699 416 2738 laudatum
445 2706 603 2750 poetam
635 2699 769 2737 crimi-
887 2699 1074 2750 ingenium
1105 2703 1225 2751 Saleii
1252 2703 1366 2759 Baffi.
1425 2706 1475 2746 cf,
