1676 3028
390 194 554 240 INST.
604 190 883 243 ORATOR.
927 189 1050 236 Lm.
1097 189 1171 246 X,
1218 201 1263 233 1.

1435 199 1499 250 93.

148 321 407 382 nocuerit.
461 317 564 370 Sed
585 319 781 368 elatum
804 315 1016 367 abunde
1036 314 1308 384 spiritum‘,
1335 326 1388 365 et
1409 333 1504 381 au-

148 398 304 451 daces
362 397 643 447 sententias
689 393 1053 463 deprehendas
1106 395 1266 443 etiam
1312 394 1373 444 in
1415 394 1504 452 iis,

151 532 237 578 (hio
259 546 279 568 a
300 545 360 582 pr.
384 532 456 574 m.)
484 529 556 567 vel.
586 530 646 564 Ex
667 527 768 564 Alm.
791 528 950 564 affertur
969 515 1047 564 illa}
1104 530 1152 565 In
1173 527 1252 564 hoe
1288 537 1327 564 et
1353 525 1397 563 in
1427 522 1503 563 illo

150 591 207 626 uti
229 588 347 625 latere
369 586 520 636 aliquid
545 585 723 634 suspicor.

785 584 894 627 [Vid.
912 585 1130 629 Addenda]

1323 584 1503 620 nocuerit.

151 644 288 682 Guelf.
310 643 430 680 Goth.
456 645 545 688 (tac.
570 642 698 686 Gesn.)
739 650 912 677 nocuerat
932 654 1020 677 cum
1042 642 1146 679 Voss.
1173 656 1206 679 1.
1230 651 1266 678 2.
1289 650 1328 685 5.

236 701 309 736 Sed
331 700 480 736 elatum.
503 699 636 734 Turic.
659 699 688 734 F
690 697 762 734 lor.
776 697 821 748 se
838 698 968 734 latum.
987 699 1065 734 Hic
1086 713 1104 733 a
1125 699 1192 735 sec.
1211 711 1264 733 m.
1281 696 1327 747 se
1350 697 1500 734 elatum.

152 758 286 806 Camp.
314 756 385 806 sed
415 757 542 792 latum.

775 763 812 790 et
841 755 1010 790 audaces.
1063 756 1196 792 Turic.

1237 753 1343 792 Flor.
1392 763 1434 790 ut
1465 767 1503 790 a.

149 815 282 862 Hujus
303 813 460 861 quidem
484 810 686 847 secundam
704 823 862 846 manum
881 823 961 846 non
981 811 1068 848 satis
1089 813 1266 860 agnosco.
1289 821 1327 847 et
1348 810 1504 846 fortass‘e

150 869 210 906 nil
228 869 298 904 nili
317 881 429 916 recep
435 878 481 904 ta.

715 867 977 916 deprehendas.
1007 869 1140 904 Turio.
1166 867 1270 903 Flor.
1302 867 1503 915 deprehen-

149 925 274 963 denda
283 923 355 974 sed
369 925 451 970 jam
473 926 510 959 in
529 924 610 962 his,-
640 936 659 958 a
680 923 749 960 sec.
771 937 823 960 m.
848 934 1013 972 uterque
1037 924 1375 976 deprehendendas,
1395 923 1502 962 Flor.

148 1035 239 1073 loco
295 1036 514 1085 acceperint
561 1035 707 1072 Badius
765 1045 802 1070 et

147 1095 392 1130 Burmannus
418 1106 429 1134 ;
515 1103 552 1128 et
613 1093 800 1128 Gesnerus

148 1151 273 1199 magis
304 1149 416 1184 etiam
450 1150 638 1198 insperata
676 1148 799 1184 affert.

147 1207 294 1244 Badius
332 1214 373 1242 ut
409 1206 516 1242 idem
550 1205 623 1255 ess'e
662 1204 717 1240 ait
756 1217 798 1240 ac

149 1260 354 1312 postquam.
411 1264 680 1303 Burmannus,
720 1260 799 1296 hoc

149 1315 397 1368 improbans,
427 1317 655 1367 particulam
678 1317 799 1353 inter-

150 1386 326 1426 pretatur
369 1378 536 1424 quamvis
587 1374 798 1423 „quamvis

148 1430 335 1474 „libertas
357 1432 393 1466 ei
411 1431 627 1467 nocuerit.“
654 1433 799 1465 Annon

148 1487 332 1524 sentiebat
362 1487 457 1523 huic
485 1487 632 1523 rationi
651 1486 798 1522 obstare

146 1570 172 1585 „
184 1542 391 1595 quanquam
487 1543 719 1580 circumcisis
734 1549 757 1564 “
777 1540 798 1578 ἵ)

147 1601 251 1638 Nam
284 1601 465 1637 omittere
492 1601 527 1636 se
551 1600 595 1635 id
624 1599 797 1649 vocabu·

146 1657 232 1695 lum
254 1670 443 1706 nusquam
466 1657 575 1693 dicit.
627 1658 678 1692 Et
698 1669 797 1705 quo·

147 1714 271 1750 modo'
306 1714 492 1750 credibsse
529 1723 608 1749 erat

150 1770 246 1812 „cui
263 1768 420 1805 libertas
452 1769 653 1809 nocuerit,
685 1769 796 1804 habi-

147 1837 306 1868 „nuum
318 1825 561 1863 imitatores“
574 1824 594 1861 ’ἓ
609 1827 797 1862 Gesner-us

148 1883 203 1919 ita
233 1882 388 1918 ordinat
416 1883 637 1919 sententias:
670 1883 801 1923 „Scri-

148 1949 266 1989 ,‚ptor
287 1938 353 1974 hic
374 1953 393 1973 a
416 1940 490 1986 Qu.
511 1939 686 1975 laudatus
713 1938 801 1974 nul-

150 1994 261 2037 ..hun
293 1995 411 2031 habet
447 1996 709 2036 imitatorem,
758 2006 801 2031 ut

150 2064 248 2093 „uec
278 2051 356 2100 ipsa
384 2051 541 2088 libertas
571 2051 688 2088 habet
709 2052 800 2087 imi-

151 2117 339 2148 „tuorem
357 2132 368 2148 ,
427 2121 645 2155 quanquam
706 2108 799 2144 huic

153 2162 365 2205 „lilaea-tati,
390 2161 706 2200 circumcidendo
731 2175 801 2201 no·

152 2220 304 2261 .,euit.“
345 2219 572 2266 Quanquam
594 2220 699 2267 enim
721 2233 803 2255 non

153 2275 217 2312 his
238 2276 327 2323 ipfis
353 2274 484 2311 verbis
509 2275 803 2324 interpretatio-

663 1726 796 1754 „eum,

152 2345 240 2368 nem
272 2330 442 2380 profert,
474 2344 571 2380 quae
602 2333 628 2369 fi
655 2345 801 2381 ponere

151 2387 348 2428 voluisset,
375 2389 452 2437 ipse
482 2401 564 2423 eam
585 2389 800 2436 rejecturus

153 2456 256 2485 erat,
314 2456 360 2480 eo
403 2456 531 2480 tamen
572 2458 633 2481 res
683 2445 799 2480 redit.

150 2501 323 2542 Adeone,
356 2502 463 2550 quod
491 2501 533 2536 in
553 2513 714 2550 promtu
736 2501 798 2542 est.

151 2558 289 2594 Latine
317 2557 554 2593 doctiffimos
581 2558 690 2594 viros
718 2571 800 2594 nou

151 2613 315 2650 vidiffe!
373 2615 527 2663 Nempe
586 2613 819 2662 Gedoynus'

151 2683 232 2706 non
250 2671 462 2719 ignoravit,
494 2680 534 2706 ut
557 2689 611 2698 —
635 2673 800 2707 nocuerit

154 2726 224 2762 «ss'e
260 2728 642 2775 frequentatiffimam
689 2727 800 2762 iliam

857 1026 1231 1082 appendictilarfl2³in
1262 1050 1337 1084 qua
1358 1047 1445 1074 ante
1464 1045 1506 1073 ut·

856 1090 1085 1127 subauditur
1120 1094 1199 1127 ita.-
1227 1091 1424 1134 „l'amour
1458 1094 1506 1129 de

855 1145 921 1188 „la
940 1148 1064 1183 verite
1085 1147 1145 1184 lui
1165 1160 1281 1196 ayant
1297 1150 1357 1186 ete
1372 1149 1508 1188 fatal“.

854 1204 942 1252 Ego
975 1215 1103 1240 tamen
1136 1216 1173 1241 et
1202 1205 1246 1240 in
1273 1219 1320 1242 eo
1348 1207 1509 1249 haereo,

856 1260 964 1308 quo'd
983 1261 1156 1297 nocuiffe
1184 1262 1330 1299 dicitur
1347 1263 1509 1301 libertas

858 1315 915 1356 ei,
945 1318 1011 1353 cui
1041 1329 1228 1355 amatores
1259 1321 1420 1368 quidem
1445 1321 1510 1357 de-

858 1373 969 1413 derit,
981 1373 1042 1409 sed
1051 1375 1269 1411 imitatores
1282 1376 1487 1413 abstulerit
1496 1390 1509 1423 ς

856 1442 928 1465 nec
950 1431 1082 1466 omnia
1112 1430 1207 1467 haec
1234 1433 1437 1470 manifesto
1459 1434 1513 1470 fio

855 1486 1018 1535 praestat
1037 1488 1285 1524 vetustiffima
1306 1489 1509 1539 scriptura.

855 1543 916 1579 Ex
967 1557 1010 1579 ea
1057 1543 1218 1592 quidem
1280 1547 1511 1583 imitatorem

851 1599 977 1649 magis
1005 1613 1115 1636 eruas
1146 1615 1261 1649 quam
1287 1601 1510 1651 pluralemz

854 1669 934 1703 quo
960 1667 1087 1692 tamen
1121 1658 1206 1707 ipso
1229 1672 1310 1694 nou
1334 1659 1509 1696 multum

853 1712 1096 1761 proficimus.
1184 1714 1306 1751 Paulo
1365 1715 1510 1753 clarius

852 1768 1072 1811 videbatur,
1105 1772 1132 1806 fi
1165 1781 1507 1821 transponeretur:

859 1826 907 1860 H.
941 1828 1149 1863 imitatores
1182 1842 1248 1863 nec
1280 1838 1511 1866 amatorem:

858 1881 1003 1918 volunt
1037 1882 1155 1919 multi
1196 1884 1339 1921 slmiles
1377 1886 1512 1922 videri

858 1949 966 1974 tanto
1016 1940 1203 1988 ingenio,
1262 1941 1324 1976 sed
1382 1943 1512 1979 eidem

857 1994 990 2031 laudes
1018 1996 1167 2032 debitas
1190 1997 1396 2039 invident;
1429 2009 1512 2035 tan·

858 2062 942 2087 tum
969 2052 1108 2088 nocuit
1129 2053 1178 2094 ei,
1210 2054 1320 2102 quod
1348 2054 1513 2096 multos,

857 2107 982 2143 libere
1010 2108 1108 2144 vitia
1146 2110 1346 2152 notando,
1393 2111 1512 2163 laefit.

859 2163 934 2198 sed
995 2177 1076 2213 quo
1122 2165 1275 2215 ablegat
1321 2168 1511 2206 Gesnerus

858 2222 893 2267 §.
917 2220 1007 2256 126.
1030 2221 1224 2269 geminam
1247 2223 1366 2260 nimis
1387 2225 1513 2262 osten-

860 2275 919 2311 dit
941 2277 1182 2319 orationem,
1222 2292 1338 2328 quam
1370 2292 1415 2317 ut
1442 2281 1511 2320 hio

860 2332 1075 2381 quidquam
1123 2333 1304 2373 solicites.
1371 2338 1513 2375 Fateor

858 2398 1000 2430 tamen,
1023 2402 1086 2425 me
1120 2390 1224 2427 mihi
1254 2405 1336 2428 non
1368 2394 1512 2431 satisfa-

859 2456 945 2480 cere
966 2445 1010 2480 in
1032 2444 1151 2483 hisce.
1177 2447 1360 2486 Rollinus
1378 2450 1511 2493 sumit,

857 2501 1036 2537 Tacitum
1059 2502 1183 2546 multa
1205 2515 1296 2541 tunc
1317 2519 1337 2542 e
1362 2507 1513 2556 scriptis

856 2557 934 2593 suis
973 2569 1081 2595 metu
1121 2570 1344 2611 temporum
1385 2563 1511 2600 detra-

856 2613 967 2656 xiffe,
979 2627 1075 2663 quae
1091 2617 1217 2665 postea
1234 2618 1404 2656 restituta
1425 2621 1510 2661 fint.

858 2670 966 2712 [Vid.
984 2672 1200 2716 Addenda.]
