1676 3028
1063 12 1072 36 Q

400 198 566 249 INST.
599 199 876 246 ORATOR.
907 198 1030 243 ΠΒ.
1063 179 1148 252 m,
1186 199 1232 252 3·
1387 208 1482 253 331

155 325 262 385 dit,
306 336 574 376 movetur.
667 329 839 395 Quare
871 339 1044 389 neque
1078 321 1326 390 probatio
1359 322 1489 380 ulla,

65 417 146 464 997
157 420 291 471 quae
313 403 494 468 aliquo
514 400 678 452 modo
700 402 846 452 venit
869 400 931 449 ab
954 410 1174 458 oratore,
1200 409 1306 447 tam
1331 396 1488 447 firma

153 479 243 540 est,
282 489 346 530 ut
375 497 488 530 non
525 477 709 546 perdat
741 480 881 529 vires
907 476 1049 537 suas,
1085 474 1186 526 nisi
1206 475 1491 537 adjuvatur

155 556 528 608 affeveratione
571 555 804 614 dicentis.
891 551 1123 605 Affectus
1163 555 1336 604 omnis
1376 552 1490 602 lan-

155 633 362 701 guescat
393 631 589 683 neceffe
613 631 718 692 est,
763 632 866 684 nisi
903 650 1029 683 voce
1048 670 1063 690 ‚
1110 631 1277 689 vultu,
1316 628 1487 680 totius

155 728 324 778 prope
350 708 524 760 habitu
545 713 792 776 corporis,
822 709 1119 760 inardescat,
1200 709 1342 758 Nam
1366 723 1489 756 cum
1510 721 1536 758 5

154 787 284 837 haec
323 788 502 837 omnia
529 786 838 847 fecerimus,
879 785 1059 837 felices
1092 797 1293 844 tamen,
1327 783 1370 832 si
1393 801 1493 834 no-

154 862 321 913 strum
343 864 500 913 illum
526 865 706 930 ignem
737 864 900 926 judex
921 864 1248 930 conceperit:
1287 848 1493 912 {edum

153 956 278 991 eum
295 938 475 1008 supini
497 938 775 1007 securique
794 957 1128 1001 moveamUS‚
1167 957 1224 989 ac
1246 956 1360 989 non
1382 935 1494 1008 ipse

83 1089 87 1094 ⁴
158 1092 238 1137 (sed
264 1092 333 1129 hio
361 1105 398 1130 et
426 1095 555 1144 Itaque
586 1095 678 1143 dat)
698 1095 888 1132 omittunt
917 1109 1016 1133 nam.
1047 1091 1050 1094 ”
1250 1107 1345 1144 quae
1364 1094 1493 1142 aliquo

158 1149 282 1186 modo.
324 1151 387 1186 Sic
417 1151 535 1188 Gotha
558 1152 656 1191 Jens.
688 1164 775 1187 cum
804 1152 889 1192 edd.
922 1151 1076 1202 posterr.
1111 1161 1196 1188 ante
1219 1150 1331 1187 Bafil.
1359 1165 1395 1201 q.
1417 1149 1495 1185 ullo

159 1219 232 1254 quo
256 1210 307 1243 ηιῖ
333 1207 466 1243 Turio.
494 1207 655 1257 Reliqui
681 1222 773 1257 quae
804 1209 926 1245 modo.
1187 1208 1396 1251 adiuvatur.
1432 1205 1498 1241 Sic

159 1262 292 1298 Turic-
322 1261 426 1299 Flor.
457 1264 591 1300 Ambr.
610 1273 647 1302 2.
675 1265 803 1300 Guelf.
825 1277 913 1301 cum
933 1264 1036 1300 Alm.
1058 1263 1177 1300 Goth.
1208 1262 1370 1311 Reliqui
1389 1261 1498 1307 adju·

159 1325 287 1365 vetum
315 1329 353 1354 et
371 1319 501 1367 Camp.
525 1321 576 1356 ni.
759 1323 878 1357 omnis
896 1318 1400 1369 languescat—inardescat.
1433 1317 1499 1353 Sic

162 1372 292 1409 Turio.
323 1373 426 1411 Flor.
458 1376 592 1425 Camp.
617 1388 706 1413 cum
725 1376 839 1424 Aba]
854 1390 1072 1425 quanquam
1096 1389 1143 1411 ex
1164 1376 1242 1412 hoc
1262 1372 1500 1423 languescant

160 1440 232 1465 nec
271 1430 390 1466 inard.
429 1443 680 1469 memoratur.
713 1433 830 1469 Goth.
865 1446 990 1469 omnes
1017 1432 1259 1482 languescunt
1288 1425 1393 1483 (hoc
1425 1440 1497 1466 tac.

160 1485 291 1534 Gesu.)
307 1506 366 1515 -
387 1486 621 1536 inardescunt
647 1501 736 1524 cum
755 1489 858 1525 Voff.
883 1500 918 1526 2.
951 1489 1027 1524 Sed
1047 1488 1182 1524 Ambr.
1209 1499 1246 1523 2.
1270 1498 1396 1523 omnes
1419 1486 1501 1522 lan-

158 1539 334 1590 guest-unc
346 1562 398 1570 —
412 1542 643 1592 inardescunt
655 1557 743 1579 cum
761 1546 785 1583 J
787 1546 859 1581 ens.
873 1556 910 1581 et
920 1543 1020 1583 Vall.
1042 1555 1086 1580 ut
1105 1544 1214 1592 capio
1226 1543 1406 1578 Badium.
1425 1544 1499 1578 Re-

156 1594 262 1647 liqui
281 1611 405 1636 omnes
423 1599 663 1652 languescant
681 1619 737 1630 ·--
755 1600 998 1654 ἰηανᾶεῙεαηε.
1011 1600 1143 1653 Camp.
1167 1608 1266 1637 totus
1278 1612 1351 1650 pro
1373 1600 1501 1636 totius.

245 1708 284 1743 5.
313 1709 445 1742 tamen,
458 1700 506 1750 fi'.
538 1701 601 1737 Sic
611 1703 743 1739 Tul-ic.
756 1703 860 1741 Flor.
874 1703 1008 1741 Ambr.
1028 1714 1065 1741 2.
1089 1702 1219 1740 Guelf.
1232 1703 1367 1752 Camp.
1380 1699 1500 1739 Goth.

163 1756 262 1795 sens.
282 1759 379 1802 (tac.
402 1758 542 1805 Gesn.)
574 1771 662 1793 cum
681 1760 786 1797 Vols.
809 1771 845 1795 2.
878 1770 916 1797 et
936 1759 1021 1799 edd.
1045 1771 1131 1796 ante
1158 1762 1282 1796 Stoer.
1301 1757 1448 1811 sumus,
1463 1755 1503 1807 fi

165 1810 264 1848 Obr.
294 1814 385 1857 (err.
407 1814 535 1860 Gesn.)
556 1812 694 1862 sumus,
718 1813 755 1863 si
784 1824 907 1852 tamen
928 1817 1015 1864 Bip.
1035 1816 1279 1853 Obrechtum
1302 1816 1410 1863 sequi
1429 1813 1503 1850 fibi

165 1866 240 1903 visi
268 1881 288 1904 e
314 1869 470 1904 Gesneri
498 1880 601 1906 nota.
629 1869 790 1919 Reliqui
823 1870 859 1920 si
889 1881 1021 1910 tamen.
1070 1873 1169 1907 Mox
1197 1884 1278 1906 eum
1313 1871 1504 1908 omittunt

165 1923 294 1960 Guelf.
315 1938 405 1960 cum
437 1926 554 1963 Goth.
579 1926 681 1964 Voss.
706 1938 743 1963 2.
766 1928 845 1974 (sed
867 1927 965 1967 Vall.
987 1929 1143 1972 habet),
1173 1928 1268 1963 item
1291 1940 1503 1963 moveamur

165 1979 257 2015 dant
285 1981 418 2019 Ambr.
440 1989 479 2020 2.
516 1982 643 2018 Guelf.
671 1995 759 2019 cum
791 1985 890 2025 Jens.
925 1996 962 2022 et
994 1985 1150 2035 posterr.
1178 1983 1264 2020 edd.
1296 1994 1380 2019 ante
1412 1983 1525 2025 AM...

164 2035 284 2072 Paulo
308 2048 394 2073 ante
413 2038 517 2074 illum
537 2039 684 2076 omittit
704 2041 822 2078 Goth.
1056 2056 1098 2077 ac
1117 2055 1191 2077 non
1212 2038 1302 2089 ipse.
1336 2040 1400 2075 Sic
1421 2040 1502 2076 Tu·

165 2091 236 2128 ric.
263 2091 367 2130 Flor.
393 2096 454 2129 Ex
473 2094 575 2134 Alm.
597 2105 633 2132 ec
655 2111 693 2133 n.
715 2098 739 2134 i.
763 2097 882 2134 Goth.
903 2113 952 2136 an
970 2112 1045 2136 non
1067 2106 1103 2134 et
1125 2095 1206 2147 ipsa
1225 2108 1315 2132 cum
1334 2096 1440 2135 Voss'.
1461 2105 1500 2135 2.

222 2233 261 2260 2·
293 2239 386 2275 quae
414 2228 540 2277 aliquo
569 2247 622 2257 —-
653 2241 805 2269 oratore
863 2234 1001 2273 tivum,
1030 2230 1144 2268 facile
1165 2230 1352 2267 succurrit
1372 2243 1420 2268 ex
1440 2244 1505 2267 an-

164 2293 290 2328 „quae
310 2295 391 2318 non
416 2294 494 2320 tota
513 2284 561 2320 est
582 2286 806 2323 inartificia-
863 2289 1072 2325 tecedentis
1091 2286 1205 2323 verbi
1231 2287 1359 2335 prima
1378 2288 1508 2336 perso·

164 2335 285 2379 „lis-‘¹
300 2338 347 2374 cf·
363 2346 400 2383 5,
420 2354 454 2381 1,
472 2353 505 2376 1.
534 2349 683 2390 „quas“
704 2347 806 2389 (οι-α·
862 2359 934 2386 na;
967 2343 1092 2393 qualis
1111 2343 1154 2380 in
1174 2341 1373 2379 felicitatis
1398 2356 1508 2392 prae·

166 2395 247 2437 t01’)
269 2414 349 2435 22—
362 2396 659 2444 quodammodo
674 2400 807 2449 gigne·
865 2401 1059 2438 dicatione
1080 2400 1262 2448 frequens
1285 2399 1335 2434 est
1349 2398 1506 2449 ellipsis.

165 2455 275 2485 ret.“
318 2453 448 2501 Neque
474 2454 647 2502 probatio
677 2467 806 2494 autem
866 2458 1013 2494 etiamsi
1047 2456 1169 2502 hujus
1197 2455 1356 2503 quidem
1386 2456 1506 2504 ipsiu!

166 2504 270 2542 valet
290 2522 336 2544 ne
357 2509 531 2556 probatio
555 2512 713 2560 quidem.
866 2513 1082 2551 locutionis
1106 2510 1326 2561 exemplum
1347 2512 1506 2560 demon-

222 2561 632 2615 nffi—affeveratione
644 2569 810 2607 dicentis.
865 2570 977 2607 strare
998 2583 1078 2606 non
1099 2567 1302 2617 contingit.
1339 2570 1401 2605 De
1423 2571 1509 2617 igne

169 2617 217 2655 “f-
239 2619 337 2657 dicta
359 2622 406 2656 ad
433 2636 473 2662 1,
498 2632 534 2668 42
556 2634 622 2662 20.
866 2627 938 2663 illo
966 2626 1089 2675 judici
1128 2625 1372 2661 admovendo
1405 2635 1509 2662 recte

205 2730 214 2738 .
228 2683 266 2719 5.
290 2676 422 2725 felices
444 2687 578 2723 tamen,
592 2680 641 2730 fi.
693 2684 812 2730 Quod
867 2683 1146 2720 Almelovenus
1175 2681 1405 2718 demonstrat
1426 2681 1507 2719 Cic.

173 2727 239 2766 luc
258 2734 456 2770 omittitur
469 2737 634 2774 verbum
648 2739 811 2777 substan·
869 2741 916 2776 de
939 2740 1006 2777 Or.
1027 2749 1066 2784 2,
1086 2744 1154 2787 45.
1182 2748 1278 2775 extr.
