1676 3028
360 154 523 201 INST.
558 150 837 197 ORATOR.
872 150 991 196 Lm.
1027 149 1122 206 Χῐ,
1161 161 1205 204 3.
1353 159 1449 207 377

121 283 480 349 dignandunu
533 276 624 327 sed
666 286 841 326 carent
885 287 1020 333 arte»,
1066 274 1298 340 ideoque
1330 273 1454 324 sunt

121 359 395 425 disciplina
438 367 490 404 et
521 356 725 404 ratione
755 352 1034 404 formandi.
1126 353 1325 402 Contra
1354 351 1452 416 qui
1473 360 1523 403 βε

121 437 445 502 effinguntur
465 427 777 490 imitatione3
819 441 983 479 artem
1005 429 1230 479 habent:
1272 427 1363 477 sed
1393 428 1454 476 hi

124 525 298 563 carent
318 523 532 560 natura:
557 509 786 574 ideoque
798 509 859 558 in
878 509 946 557 iis
968 509 1204 575 primum
1225 505 1297 556 est
1317 506 1455 555 bene

124 590 282 648 affici,
332 599 383 636 et
415 587 691 653 concipere
722 586 976 652 imagines
1008 601 1212 644 rerum,
1258 594 1311 632 et
1341 593 1457 632 tan-

123 734 247 770 animi
274 735 449 778 motus.)
482 735 558 768 Pro
581 739 706 767 carent
725 729 845 766 Goth.
869 739 1011 766 canent.
1302 727 1460 776 ideoque

55 792 58 795 ⁴
98 787 100 790 ’
116 790 218 841 sunt.
250 791 312 825 Sic
330 789 461 825 Turio.
487 788 590 824 Flor.
610 787 743 823 Ambr.
759 796 795 821 2.
817 786 942 822 Guelf.
956 786 1087 834 Camp.
1110 797 1198 821 cum
1208 786 1321 821 Bern.
1335 785 1468 819 stom*

128 844 295 883 chou‘et.
325 846 436 881 Leid.
479 844 640 892 Reliqui
666 844 839 879 inserunt
859 856 958 882 non‚·
994 842 1169 891 peffime,
1200 855 1288 877 cum
1310 841 1365 876 fic
1379 838 1462 888 for·

128 903 255 938 mandi
291 914 491 951 perperam
529 901 739 949 accipiatur
769 913 839 947 pro
867 899 944 935 hoc
964 898 1197 947 formabiles.
1223 897 1270 934 cf.
1303 908 1341 934 et
1367 907 1463 932 mox

126 960 159 1003 §-
181 959 246 1002 62.
270 958 338 994 ubi
357 958 398 992 iu
425 957 555 992 eadem
583 956 694 992 vocis
722 957 875 1005 ideoque
895 956 1129 1001 subjectione
1150 953 1259 990 nulla
1282 953 1329 990 est
1348 966 1462 1001 nega·

125 1015 196 1051 tio.
257 1011 509 1049 Naturalibus
529 1012 704 1047 motibus
729 1011 992 1047 adhibendum
1016 1012 1108 1047 artis
1128 1011 1327 1059 regi-meru
1358 1009 1462 1046 fictis

124 1070 268 1108 veritas
290 1078 446 1104 naturae
468 1067 738 1116 impertienda.
799 1068 845 1102 In
873 1066 942 1102 illa
965 1067 1171 1115 negatione
1193 1067 1319 1102 noster
1339 1065 1463 1115 proti·-

123 1139 197 1164 nus
217 1126 263 1162 ad
287 1132 424 1160 eorum
451 1124 564 1160 castra
586 1123 775 1165 transiret,
809 1136 907 1172 quos
929 1122 1179 1171 reprehendit
1207 1123 1315 1171 supra
1339 1126 1374 1171 ᾖ.
1399 1135 1463 1158 ιι.

123 1183 219 1223 Non
238 1192 318 1218 erat
344 1181 469 1230 igitur
491 1179 598 1229 quod
628 1179 703 1217 hic,
719 1179 877 1228 κριτικδν
898 1177 1052 1225 Φύσημα
1072 1180 1231 1228 spiraret
1256 1180 1463 1219 Gibsonus,

124 1240 198 1288 qui
226 1241 313 1275 suos
347 1238 478 1282 noda.
507 1250 582 1272 non
617 1236 705 1272 dare
729 1250 776 1272 ne
801 1237 936 1273 diserte
960 1235 1119 1284 quidem
1143 1234 1293 1272 testatus
1316 1237 1467 1272 bonum

130 1294 400 1330 Schrevelium
429 1294 626 1341 increpat,
665 1292 936 1342 reddendaque
967 1294 1051 1329 suae
1077 1293 1284 1340 scripturae
1315 1293 1468 1328 ratione

130 1352 247 1386 etiam
279 1349 558 1399 philosophum
586 1349 740 1398 prorsus
776 1350 896 1384 exuit.
927 1382 930 1386 ,
955 1351 1063 1384 Hanc
1092 1358 1220 1384 autem
1251 1347 1467 1388 emendare,

130 1420 212 1444 non
233 1406 403 1443 recidere
423 1404 542 1440 modo
563 1405 726 1441 debebat
746 1405 907 1453 Capper.
921 1418 1038 1455 quem
1058 1405 1183 1440 miror
1211 1404 1277 1440 hic
1307 1404 1468 1454 lapsum,

103 1467 113 1472 '
132 1476 222 1499 oum
243 1463 352 1511 supra
373 1468 410 1505 4,
435 1471 472 1502 2,
498 1470 562 1508 29.
581 1474 718 1496 verum
739 1462 908 1497 vidisset.
1140 1460 1336 1510 disciplina
1358 1469 1394 1496 et
1410 1474 1478 1504 να··ι

133 1521 245 1555 tione.
276 1518 338 1553 Sic
359 1517 492 1552 Turic.
517 1515 620 1551 Flor.
644 1517 777 1566 Camp.
805 1530 893 1552 cum
915 1517 1018 1553 Alm.
1041 1517 1299 1567 probantibus
1321 1528 1391 1552 nec
1417 1526 1472 1551 ta·

130 1588 220 1612 men
250 1573 530 1623 recipientibus
561 1573 696 1610 Burm.
736 1583 775 1609 et
807 1573 917 1610 Gesn.
958 1573 1120 1623 Reliqui
1155 1572 1374 1623 disciplinae
1402 1581 1473 1609 tra·

56 1636 62 1654 ¹
133 1631 288 1669 ditione.

148 1758 156 1762 ,
182 1757 184 1759 ,
222 1719 287 1757 62.
318 1721 356 1756 hi
377 1717 513 1757 carent.
545 1720 678 1760 Ambr.
699 1729 735 1757 2.
769 1723 794 1757 ἰ.
817 1735 846 1757 e.
874 1722 941 1767 (cf.
961 1722 1028 1759 61.
1051 1720 1141 1770 56.)
1166 1720 1285 1758 Goth.
1309 1723 1338 1757 1’1'
1358 1735 1388 1758 σ.

306 1779 351 1812 iis
378 1779 548 1826 primum.
590 1777 653 1812 Sic
684 1778 815 1813 Turic-
855 1778 988 1814 Ambr.
1022 1787 1059 1814 2.
1100 1777 1217 1815 Goth.
1242 1779 1341 1816 Jens.
1373 1780 1474 1825 (tac-

134 1833 269 1883 Gesn.)
302 1846 391 1868 cum
424 1833 509 1868 edd.
539 1843 623 1868 ante
651 1833 762 1868 Basil.
806 1834 878 1868 Sed
901 1835 1035 1883 Camp.
1058 1836 1088 1868 is
1106 1849 1143 1882 p.
1174 1831 1336 1882 Reliqui
1358 1836 1412 1869 his
1436 1849 1475 1884 p.

135 1890 262 1926 Modo
284 1888 388 1925 Flor.
413 1887 649 1937 effugiuntur.
685 1891 785 1925 Mox
804 1890 920 1925 verbis
940 1890 1046 1938 idern
1069 1900 1107 1925 et
1119 1889 1252 1925 Turio.
1274 1904 1346 1938 pro
1368 1892 1474 1927 veris.

135 1945 258 1982 Goth.
274 1944 311 1995 fi
331 1945 433 1980 velit.
466 1945 596 1981 Turic-
618 1944 721 1981 Flor.
744 1947 875 1996 Camp.
895 1959 917 1981 a
934 1947 1038 1982 nobis
1059 1959 1147 1982 cum
1159 1945 1477 1982 Bodl.Ald.Bad.

137 2002 249 2039 Bafil.
282 2001 431 2050 Gryph.
463 2001 586 2036 tribus
618 2001 701 2038 edd.
734 2016 792 2051 ap.
819 2004 921 2039 Gibs.
946 2003 1037 2038 anni
1063 2009 1177 2049 1542.
1202 2001 1304 2037 Gibl'.
1327 2002 1478 2039 Rollin.

141 2059 304 2108 Capper.
362 2060 410 2093 In
439 2067 540 2093 tanta
561 2058 703 2093 erroris
732 2058 916 2095 facilitate
941 2059 1046 2095 nihil
1069 2059 1239 2094 dandum
1259 2059 1484 2095 auctoritati

142 2115 283 2156 censui,
313 2124 446 2150 contra
466 2127 582 2162 quam
606 2114 707 2150 Gibs.
728 2114 794 2150 hic
817 2127 974 2166 repente
993 2115 1198 2163 religiosus
1219 2115 1350 2151 factus.
1385 2117 1486 2151 Mox

145 2171 266 2209 Goth.
295 2171 436 2219 accepit
457 2180 493 2206 et
522 2182 595 2219 pro
618 2172 714 2206 enim
730 2171 836 2208 idem
861 2176 949 2219 (tac.
973 2166 1108 2223 Gesn.)
1129 2180 1263 2209 autem.
1303 2175 1380 2209 Pro
1406 2181 1485 2209 tan-

205 2296 422 2345 ideoque—
429 2294 632 2344 formandi.
645 2295 692 2332 cf.
703 2307 784 2333 not.
840 2299 1012 2339 „racione
1030 2296 1185 2347 poffit‚“
1207 2297 1268 2332 sed
1286 2306 1323 2332 et
1343 2294 1488 2332 millies

147 2354 234 2389 crit.
274 2354 519 2402 Quantopere
553 2353 672 2399 liujus
707 2352 788 2389 loci
843 2355 898 2390 ita
920 2355 1148 2390 Ciceronem
1173 2354 1300 2389 dicere
1319 2352 1486 2393 testatur,

146 2410 195 2446 [it
222 2412 379 2445 rationis
411 2408 659 2450 vocabulum,
689 2411 788 2446 Bur·
842 2424 970 2461 neque
1001 2412 1085 2446 sane
1118 2411 1254 2446 attinet
1282 2422 1365 2444 rem
1391 2409 1487 2444 adeo

146 2478 312 2503 :mannus
346 2466 460 2503 docet
490 2464 726 2515 appellandis
745 2467 790 2503 si-
845 2478 978 2504 notam
992 2466 1180 2515 exemplis
1191 2466 1365 2502 astruere.
1383 2466 1488 2502 Nam

145 2522 309 2559 milibus
345 2522 544 2558 sententiis
582 2537 646 2565 ιι,
679 2534 716 2564 2,
749 2535 789 2569 9.
848 2535 886 2561 et
914 2524 1040 2560 noster
1071 2523 1150 2558 sere
1177 2524 1323 2572 semper
1353 2522 1407 2558 ita
1427 2536 1490 2557 ra-

151 2589 214 2619 12,
237 2590 274 2621 2,
299 2585 335 2623 4.
360 2580 419 2623 (id
443 2579 549 2628 quod
572 2578 650 2614 huc
669 2580 791 2615 maxi-
850 2581 992 2618 tionem
1014 2581 1182 2629 usurpat·

147 2646 212 2671 :me
242 2637 462 2684 pertinet),
494 2635 572 2672 Cic.
603 2637 648 2672 de
682 2636 790 2673 Orat.

153 2701 189 2732 ι,
211 2699 275 2738 58.
296 2693 484 2740 „(virtus)
504 2693 533 2729 fi
552 2693 673 2729 modo
686 2693 787 2731 tradi
901 2693 966 2731 62.
997 2694 1088 2730 bene
1114 2688 1220 2743 affici
1238 2712 1289 2723 —
1307 2694 1490 2743 imagines
