1676 3028
359 42 370 74 6

342 181 528 231 ‘1NsT.
569 182 847 233 ORATOR.
882 166 1004 227 Lm.
1043 183 1115 239 x,
1154 195 1198 226 2.
1363 194 1456 239 119

111 311 462 379 sequebatur?
531 310 691 359 Nihil
733 310 790 358 in
838 309 1008 375 poetis
1048 306 1202 374 supra
1242 307 1475 365 Livium,

111 391 465 442 Andronicum
475 407 496 450 ,-
535 388 673 436 nihil
705 389 763 436 in
792 385 1024 436 historiis
1056 383 1212 451 supra
1238 381 1459 454 Pontifi-

108 485 226 516 cum
252 467 462 516 annales
487 466 830 514 haberemus:
869 464 1072 512 ratibus
1105 462 1278 511 adhuc
1308 461 1461 510 navi-

112 549 348 610 garetur:
408 561 521 593 non
558 540 677 590 effet
712 543 940 607 pictura,
989 538 1088 589 nisi
1122 556 1258 606 quae
1291 539 1460 588 lineas

24 631 104 674 924
114 621 279 671 modo
303 633 557 669 extremas
578 620 810 676 umbrae,
849 635 1007 684 quam
1032 634 1252 683 corpora
1274 617 1328 665 in
1352 613 1462 665 sole

115 696 365 755 fecissent.
404 695 867 746 circumscriberet.
947 699 1020 745 Ac
1048 693 1086 743 st
1125 695 1304 743 omnia
1337 709 1458 759 per·
1479 704 1504 743 8

117 773 338 833 censeas,
381 775 528 824 nulla
565 773 623 822 fit
656 791 750 831 ars,
792 773 962 838 qualis
994 773 1212 822 inventa
1241 769 1328 829 est,
1361 786 1460 819 nec

115 851 266 901 intra'
289 853 508 900 initium
545 850 707 899 stetit:
762 850 860 899 nisi
892 849 1034 899 forte
1062 848 1237 900 nostra
1269 845 1462 915 potiffi-

114 944 266 979 mum
298 939 534 993 tempora
572 928 882 976 damnamus
923 928 1085 988 liujus
1123 925 1462 982 infelicitatis,

113 1008 176 1053 ut
210 1022 354 1053 nunc
391 1005 608 1053 demum
645 1002 832 1052 crescat
856 1005 1010 1052 nihil.
1089 1004 1250 1053 Nihil
1284 1013 1464 1054 autem

114 1079 294 1130 crescit
351 1080 459 1132 sola
508 1082 822 1131 imitatione.
923 1080 1124 1152 Quodsi
1184 1079 1459 1147 prioribus
1483 1097 1506 1134 9

113 1260 324 1309 scripturae
341 1261 546 1309 utriusque
581 1260 805 1297 discrimine
831 1260 922 1308 agit.
1157 1257 1329 1309 historiis.
1353 1258 1458 1295 Flor.

112 1317 153 1362 (a
176 1330 234 1365 pr.
256 1319 391 1362 manu)
419 1314 583 1365 posteris.
618 1318 750 1366 Camp.
782 1315 974 1365 posterius.
1209 1319 1460 1366 navigaretur.

115 1373 178 1409 Sic
201 1373 332 1409 Turio.
353 1373 456 1410 Flor.
485 1374 617 1422 Camp.
649 1387 736 1409 cum
761 1374 859 1409 Alm.
887 1374 1047 1422 Reliqui
1078 1376 1347 1422 navigaremus.

199 1428 510 1478 circumscriberet.
561 1431 664 1466 Flor.
696 1429 1045 1478 cucurristi-{herena
1090 1442 1127 1466 et
1157 1433 1204 1465 fic
1237 1431 1335 1469 Jens.
1369 1442 1461 1465 cum

114 1485 202 1522 edd.
230 1485 388 1534 poster-r.
421 1498 505 1521 ante
538 1486 627 1522 Ald.
691 1487 766 1522 Sed
799 1487 897 1526 Jens.
933 1488 1048 1523 Tarv.
1085 1498 1123 1523 et
1148 1488 1270 1523 modo
1301 1484 1458 1536 feciffet.

111 1543 295 1580 Correxit
316 1543 474 1591 Regius.

201 1638 238 1676 8.
257 1624 325 1682 fit.
353 1632 486 1678 Tusic.
524 1635 563 1679 (a
589 1634 657 1669 sec.
680 1636 751 1679 m.)
767 1633 834 1682 fit.
1069 1633 1300 1671 damnamus.
1331 1633 1462 1671 Guelf.

110 1688 339 1724 mandamus.
601 1689 734 1739 crescat
774 1692 879 1726 nihil.
961 1691 1079 1728 Nihil.
1128 1692 1262 1727 Tui-ic.
1294 1691 1461 1729 alterum

110 1744 206 1792 nihil
226 1744 397 1787 omittit,
429 1758 665 1796 quapropter
687 1747 903 1797 transposui
922 1761 1063 1789 voces,
1095 1761 1191 1796 quae
1223 1749 1265 1784 in
1297 1748 1462 1798 reliquis

111 1800 272 1849 quidem
303 1800 416 1838 libris
446 1803 508 1838 ita·
531 1803 830 1840 continuantur:
861 1805 955 1840 nihil
985 1804 1130 1853 crescat.
1186 1806 1305 1842 Nihil.
1337 1809 1463 1843 Stoer·

113 1855 280 1899 Chouet.
313 1854 452 1908 crescet.
705 1870 837 1897 autem.
895 1862 959 1896 Sic
1001 1861 1135 1897 Turio.
1180 1862 1283 1898 Flor.
1332 1863 1462 1899 Guelf-

44 1948 46 1950 ,
112 1913 233 1965 Goth.
255 1914 343 1960 (tac.
366 1915 495 1961 Gesn.)
517 1917 649 1966 Camp.
674 1930 762 1952 cum
784 1917 886 1954 Alm.
911 1917 1014 1956 Van.
1035 1917 1140 1958 Voss‘.
1167 1930 1202 1954 1.
1223 1928 1260 1956 2.
1283 1929 1320 1964 5.
1346 1921 1460 1957 Bern.

110 1968 220 2006 Bafil.
242 1970 393 2026 Gryph.
415 1970 578 2020 (¹556)·
609 1973 771 2023 Reliqui
793 1977 900 2010 enim.

200 2071 237 2109 9.
262 2058 301 2108 fi
329 2062 464 2098 Turio.
498 2062 602 2100 Flor.
639 2062 681 2112 (a
710 2078 769 2114 pr.
796 2067 867 2110 m.)
898 2065 1099 2102 omittunt.

112 2216 268 2266 respicit
307 2218 354 2253 ad
389 2223 426 2263 4.
479 2221 615 2268 „Quid
654 2222 759 2257 enim
872 2226 1018 2271 pictura
1055 2244 1110 2252 —
1152 2226 1463 2276 circumscriberet.

111 2273 314 2314 „futurum
337 2281 450 2311 e1·at“.
537 2287 540 2289 ’
814 2279 954 2319 „Hanc
983 2282 1157 2329 picturae
1196 2285 1389 2333 originem
1414 2286 1464 2320 as-

170 2331 324 2365 Livium
338 2330 762 2370 Andronicum—Pon·
817 2336 992 2383 „signant
1027 2351 1182 2375 omnes:
1234 2341 1299 2376 cui
1329 2341 1465 2377 debea-

115 2385 257 2434 tificum
297 2389 458 2424 annales.
538 2392 655 2426 Recte
697 2391 762 2427 ab·
819 2402 922 2433 ‚,tur,
946 2406 1026 2430 non
1046 2397 1241 2433 convenit.
1260 2398 1341 2434 vid.
1358 2398 1460 2435 Plin.

113 2441 244 2490 legant
274 2445 359 2481 VV.
395 2446 488 2482 DD.
524 2447 570 2481 ad
599 2448 680 2483 Cic.
716 2449 762 2483 de
820 2456 964 2493 „55‚3.
988 2451 1061 2495 [5.
1082 2452 1269 2502 Athenag.
1282 2456 1376 2504 ch.
1389 2469 1462 2504 pro

117 2498 187 2535 Or.
207 2509 252 2539 2,
289 2510 349 2536 12.
381 2501 475 2537 item
499 2504 608 2538 Brut.
642 2519 672 2540 c.
700 2511 761 2548 ¹8·
819 2505 1002 2546 „Clu-isti.
1022 2521 1060 2557 p.
1077 2516 1138 2557 59.
1157 2510 1339 2549 Dechair.
1364 2518 1464 2551 etc.“

112 2556 188 2591 Dc
202 2555 321 2592 Livio
365 2557 412 2594 cf.
446 2571 484 2596 et
512 2560 676 2606 Bentlej.
715 2562 762 2596 ad
820 2562 1019 2601 Gesnerus.

113 2611 395 2662 Horat.Epistt.
411 2626 446 2657 2,
467 2630 499 2658 ι,
525 2626 590 2660 71.
624 2617 762 2652 Malim

115 2680 238 2716 prope
273 2668 377 2718 poiisi
421 2686 513 2722 Prae
563 2676 682 2720 poiitis
721 2675 762 2710 in
877 2681 914 2719 8.
947 2677 1161 2716 damnamus
1186 2700 1240 2710 —-
1270 2681 1468 2732 infelicita-

119 2722 210 2760 loco
234 2725 377 2762 nostro.
409 2729 536 2771 cino,
574 2745 608 2771 ι,
641 2739 706 2778 29.
823 2733 881 2767 fis.
914 2733 960 2770 cf.
986 2746 1022 2776 2,
1053 2743 1089 2780 5,
1123 2745 1190 2783 24.
