1676 3028
300 266 405 310 '253
622 255 696 302 M.
734 256 868 301 ΕΔΒ.
906 255 1318 316 QU1NT1L1AN1

307 380 579 444 arrogavit.
657 379 804 426 Illius
833 377 953 426 sunt
985 380 1152 438 enim,
1191 382 1270 440 Si,
1299 382 1518 446 judices,
1558 386 1631 432 in-

303 458 446 523 genii
476 457 573 502 mei
581 490 594 510 ‚
634 454 771 516 quod
787 449 958 524 sentio
993 473 1144 517 quam
1161 453 1241 526 sit
1265 461 1522 526 exiguum.
1565 470 1631 517 et,

310 531 428 603 Quo
467 531 667 595 ingenio
711 530 870 576 minus
893 525 1123 602 poffzcm,
1185 527 1471 602 subsidium
1503 533 1624 582 mihi

230 619 283 647 20
305 605 572 672 diligentia
615 608 923 666 comparavi.
1041 606 1183 673 Quin
1240 608 1396 655 etiam
1445 619 1622 658 contra

304 683 366 747 Q.
388 678 678 728 Caecilium
711 678 777 727 de
801 678 1086 729 accusatore
1116 681 1173 728 in
1195 683 1407 730 Verrem
1434 683 1621 732 consti-

301 753 521 811 tuendo,
561 755 801 818 quamvis
822 756 1052 804 multum
1075 754 1193 804 effet
1211 758 1269 805 in
1290 757 1392 805 hoc
1413 769 1624 822 quoque

299 829 587 886 momenti,
657 839 776 877 uter
807 829 872 878 ad
912 830 1172 895 agendum
1205 833 1367 897 magis
1399 832 1623 882 idoneus

302 906 533 962 veniret,
578 903 790 952 dicendi
818 915 986 954 tamen
1021 905 1316 955 facultatem
1348 909 1512 972 magis
1541 908 1627 956 illi

301 979 534 1037 detraxit,
573 996 729 1043 quam
762 983 1019 1045 arrogavit
1052 980 1174 1030 fibi:
1202 979 1370 1052 seque
1390 1001 1487 1031 non
1511 1000 1626 1032 con-

286 1051 539 1127 secutum,
567 1051 672 1126 sed
694 1059 859 1104 omnia
865 1052 1072 1127 secsse,
1109 1068 1166 1104 uc
1193 1052 1361 1128 poſjet
1380 1075 1492 1105 eam
1512 1075 1625 1106 con-

227 1151 274 1182 ει
286 1128 471 1203 sequi,
511 1130 654 1178 dixit.
734 1133 796 1178 ln
825 1129 1054 1197 epistolis
1089 1131 1371 1196 aliquando
1403 1131 1625 1181 familia-

296 1314 401 1352 Flor.
629 1314 830 1360 arrogavit.
857 1312 986 1347 Turic.
1008 1314 1258 1360 interrogavit.
1288 1312 1392 1348 Flor.
1415 1310 1456 1359 (a
1471 1326 1529 1360 pr.
1550 1315 1624 1360 m.)

297 1382 496 1428 inrogavit.
527 1379 627 1415 Alm.
660 1371 873 1425 inc-rogavit.
1102 1382 1208 1418 enim,
1239 1381 1290 1419 Si,
1310 1379 1461 1424 judices,
1486 1380 1625 1426 ingenii

295 1438 379 1472 mei.
429 1436 492 1471 Sic
522 1435 624 1471 Flor.
666 1436 910 1482 (quanquam
948 1446 1028 1469 non
1061 1435 1226 1475 doceor,
1261 1447 1308 1469 an
1351 1435 1422 1468 mei
1458 1432 1624 1479 habeat)

288 1491 429 1527 ·Ambr.
459 1500 496 1525 2.
529 1490 611 1533 (hic
633 1490 789 1536 quidem
818 1491 971 1534 ingeni).
1004 1489 1077 1523 sed
1097 1489 1229 1523 Turic-
1259 1501 1306 1523 ex
1328 1488 1433 1523 hisce
1461 1489 1622 1535 proscri-

295 1546 355 1582 bit
377 1547 474 1581 enim
497 1557 584 1579 cum
608 1543 712 1579 voff.
736 1551 770 1585 5.
795 1553 832 1577 et
853 1543 977 1578 Guelf.
1000 1553 1044 1578 ut
1074 1543 1224 1590 opinor,
1257 1555 1381 1590 neque
1412 1542 1514 1577 enim
1539 1544 1621 1579 satis

295 1601 395 1637 clare
423 1600 568 1635 notavi.
619 1599 721 1633 Illius
761 1599 857 1632 enim
885 1596 923 1646 si
957 1598 1038 1642 jud.
1079 1600 1100 1632 i.
1132 1600 1202 1632 mei
1263 1599 1375 1632 Bern.
1423 1596 1622 1633 omittunt

295 1655 413 1692 Goth.
445 1654 548 1691 Voff.
581 1665 617 1690 2.
645 1653 734 1702 sunt
766 1655 880 1692 enim,
912 1665 949 1688 et
977 1653 1152 1691 videtur.
1183 1653 1224 1687 id
1252 1652 1357 1700 quod
1385 1664 1432 1686 ex
1459 1652 1560 1688 Voss'.
1581 1662 1619 1687 2.

293 1711 475 1749 referunt,
506 1710 618 1744 etiam
640 1708 756 1744 Goth.
780 1708 867 1742 dare
891 1710 1028 1754 ingenii
1049 1710 1128 1742 mei.
1158 1709 1289 1755 Camp.
1306 1705 1443 1754 suntsi
1463 1707 1549 1754 quid
1569 1705 1620 1754 esi·

293 1769 332 1802 ὶη
355 1780 412 1801 me
443 1767 518 1812 ing.
535 1765 617 1809 jud.
661 1763 818 1811 Reliqui
844 1761 877 1810 s.
906 1766 1000 1797 enim
1021 1761 1058 1810 si
1087 1762 1174 1810 quid
1197 1760 1247 1810 est
1278 1764 1315 1796 in
1346 1774 1402 1795 me
1431 1764 1506 1808 ing.
1535 1763 1616 1806 jud.

291 1823 339 1857 cf.
364 1834 425 1861 ιι,
458 1829 495 1863 3,
527 1830 590 1866 97.
620 1817 780 1866 Duplex
813 1820 830 1851 1
862 1817 1028 1864 genitivi
1059 1818 1100 1852 in
1121 1818 1304 1852 Cicerone
1336 1828 1416 1852 non
1446 1815 1615 1858 tulerim.

291 1878 333 1912 in
363 1875 605 1923 Quintiliano
645 1873 831 1909 referente
861 1873 1084 1909 Ciceronem
1122 1871 1375 1908 libentiffime.
1414 1873 1461 1906 cf.
1499 1873 1618 1919 praef.

290 1932 405 1968 nostr.
438 1945 475 1979 p.
497 1930 656 1967 LXXV.
883 1936 928 1967 et,
951 1929 1032 1977 Quo
1056 1929 1202 1974 ingenio
1234 1930 1361 1962 minus.
1393 1927 1455 1962 Sic
1487 1927 1616 1962 'rm-ic.

290 1986 395 2023 Flor.
428 1986 512 2031 (hic
541 1980 698 2032 quidem
725 1981 866 2031 poffum
894 1984 1098 2017 antevertit
1123 1981 1315 2018 vocabulo
1351 1983 1484 2027 minus)
1529 1981 1616 2017 Ald.

291 2042 547 2078 Consentiunt
580 2039 713 2074 Ambr.
747 2049 782 2074 2.
814 2037 938 2073 Guelf.
971 2037 1072 2075 Voff.
1107 2046 1142 2079 3.
1183 2039 1296 2073 Bern.
1326 2037 1422 2075 Jens.
1465 2046 1502 2071 et
1531 2036 1615 2072 edd.

288 2097 446 2146 posterr.
469 2106 553 2131 ante
572 2094 659 2130 Ald.
683 2093 753 2141 qui
772 2103 896 2128 tamen
915 2105 986 2140 pro
1016 2105 1087 2141 quo
1110 2092 1199 2127 dant
1220 2092 1339 2140 qund,·
1367 2092 1462 2127 item
1483 2093 1612 2139 Camp.

291 2152 407 2188 Goth.
430 2156 522 2193 (err.
543 2151 670 2194 Gesn.)
694 2148 792 2185 Voff.
815 2159 851 2184 2.
874 2147 971 2184 Vall.
995 2147 1056 2182 sed
1085 2149 1171 2198 quia
1199 2147 1422 2182 exhibentes
1441 2159 1512 2195 pro
1532 2160 1614 2195 quo.

288 2206 448 2254 Reliqui
480 2215 518 2241 et
543 2219 627 2239 nam
659 2218 728 2252 quo
759 2217 803 2239 m.
831 2206 855 2240 ι’.
1084 2203 1289 2250 diligentia.
1322 2202 1451 2237 Turio.
1482 2203 1613 2250 Camp.

290 2262 536 2308 diligentiam.
566 2259 653 2296 Ald.
677 2257 843 2307 subsidio
864 2278 917 2285 ——
940 2259 1171 2306 diligentiam
1199 2270 1286 2293 cum
1314 2257 1404 2292 Bad.
1438 2256 1547 2292 Bam.
1577 2267 1614 2291 et

287 2314 370 2352 edd.
395 2317 476 2353 Cic.

374 2382 438 2408 20.
470 2373 588 2419 magis
610 2371 771 2405 idoneas.
803 2368 905 2404 Flor.
936 2371 1050 2403 minus
1072 2369 1096 2402 ι’.
1284 2379 1358 2402 non
1376 2365 1609 2415 consecutum,

279 2426 349 2476 sed
374 2429 506 2462 omnia.
539 2426 641 2461 Flor.
672 2440 706 2460 n.
722 2424 824 2473 secus
844 2437 878 2458 o.
919 2437 937 2457 a
961 2424 1028 2459 sec.
1049 2435 1102 2457 m.
1143 2436 1178 2458 n.
1202 2436 1231 2458 e.
1258 2435 1294 2459 o.
1333 2423 1431 2458 Mox
1468 2435 1513 2457 aa
1539 2433 1610 2472 pro

287 2496 367 2517 earn
387 2482 489 2517 idem
511 2495 599 2516 cum
625 2482 755 2529 Camp.
787 2479 860 2514 Sed
881 2478 1012 2514 Ambr.
1037 2489 1073 2514 2.
1103 2481 1226 2514 etiam.

339 2636 444 2670 Illius
478 2635 568 2684 sunt
608 2656 660 2664 --
699 2634 916 2682 comparavi.
974 2645 1046 2681 pro
1067 2631 1231 2672 Archia3
1258 2640 1402 2666 mutata
1431 2629 1498 2664 illa
1519 2631 1609 2678 pah}

281 2690 472 2739 Principia
510 2693 594 2727 runt
612 2691 676 2727 vel
706 2703 754 2725 ex
775 2688 918 2737 princi-
974 2686 1056 2722 lum
1085 2687 1131 2722 ab
1159 2687 1209 2722 iis
1239 2699 1334 2735 quae
1373 2685 1539 2735 legimus
1565 2685 1609 2721 ia

280 2745 358 2796 piis
388 2746 617 2794 Quintianae
655 2758 691 2782 et
734 2745 918 2782 erationis
975 2743 1110 2779 nostris
1132 2742 1215 2778 edd.
