1676 3028
295 222 391 270 314
599 211 674 257 M.
708 213 838 257 FAB.
876 212 1280 277 QUINTILIANI

217 352 271 392 28
293 335 408 385 vidi
431 324 625 383 debeat.
702 332 877 381 Dandi
895 332 1015 382 sunt
1043 337 1169 398 certi
1187 338 1400 402 quidam
1419 324 1594 390 termi-

290 412 372 470 ni,
409 421 469 459 ut
486 417 783 473 contextum
803 409 1100 467 verborum,
1139 414 1232 475 qui
1255 414 1327 461 est
1351 415 1591 476 difficilli-

288 503 424 542 mus,
465 486 734 533 continuet
754 484 927 531 crebra
948 485 1228 544 meditatio,
1259 500 1423 552 partes
1445 491 1591 540 d'ein-

289 578 407 625 ceps
427 558 557 623 ipsas
580 559 829 624 repetitus
852 559 982 607 ordo
1013 564 1300 626 conjungat.
1372 567 1500 614 Non
1519 565 1591 614 est

286 636 500 690 inutile,
534 632 630 690 iis‚'
653 650 785 696 quae
811 633 1070 684 difficilius
1095 636 1361 695 haereant,
1398 641 1590 703 aliq'uas

287 724 547 774 apponere
579 719 758 765 notas,
799 725 1020 771 quarum
1052 711 1338 762 recordatio
1363 730 1592 763 commo-

213 804 265 844 29
285 796 404 834 neat
426 795 477 831 et
497 782 640 848 quast
666 785 849 834 excitet
870 787 1186 835 memoriam.
1243 789 1425 837 Nemo«
1439 790 1592 843 etiam

282 860 391 909 fere
412 871 515 907 tam
534 858 733 916 infelix,
759 870 834 915 ut,
867 860 1013 924 quod
1034 864 1220 926 cuique
1244 863 1360 912 loco
1383 862 1591 928 signum

281 935 628 992 destinaverit,
666 933 880 983 nesciat:
922 946 994 991 ut,
1011 935 1053 983 si
1073 939 1170 985 erit
1195 937 1368 987 tardus
1396 939 1589 995 adhoc,

280 1029 345 1061 eo
376 1026 589 1076 quoque
626 1010 796 1058 adhuc
834 1010 1066 1060 remedio
1107 1023 1307 1070 utatur,
1356 1022 1414 1061 ut
1453 1011 1588 1078 ipsae
1658 1002 1662 1008 ’

277 1187 364 1213 ante
391 1175 476 1211 Ald.
505 1186 577 1210 acc.
603 1173 695 1209 Bad.
725 1174 882 1222 Reliqui
902 1175 1069 1211 inserunt
1088 1174 1141 1224 sit
1159 1175 1280 1223 Regio
1303 1175 1495 1216 suadente3
1527 1174 1587 1212 red

277 1232 421 1268 Badius
460 1230 702 1279 (quanquam
732 1230 859 1277 inepta
899 1231 1081 1278 quaedam
1111 1231 1156 1266 de
1183 1230 1395 1265 hexametri
1425 1229 1586 1266 clausula

277 1287 473 1328 causatus)
515 1284 705 1320 verissime
732 1286 908 1324 monuit,
957 1285 1189 1330 adjectivum
1219 1288 1383 1333 pendere
1413 1299 1431 1320 e
1462 1285 1584 1320 vei-ho

268 1340 436 1390 finietur.
480 1342 578 1375 Mox
599 1339 714 1376 Goth.
737 1339 863 1374 divelli
881 1352 950 1385 pro
977 1341 1103 1380 diuidi,
1124 1341 1231 1380 mire,
1251 1353 1320 1375 nec
1342 1339 1587 1388 ineleganter.

361 1436 425 1473 23.
454 1438 573 1477 partes
599 1446 654 1454 —-
687 1426 794 1475 ipsas.
826 1427 927 1462 Flor.
946 1428 1071 1465 Guelf.
1096 1429 1181 1476 (qui
1210 1439 1246 1464 et
1273 1426 1409 1463 τελείαν
1433 1426 1587 1475 στιγμῆν

273 1496 358 1522 ante
381 1485 563 1532 deinceps)
584 1484 701 1529 partis
719 1502 773 1508 --
791 1481 880 1529 ipsa.
939 1484 1049 1518 Prius
1071 1497 1156 1518 cum
1178 1485 1251 1531 ipsa
1271 1483 1337 1518 illa
1356 1483 1585 1518 diremtione

274 1551 313 1576 et
325 1541 415 1575 Exc.
438 1541 584 1573 Samen.
617 1537 739 1571 Modo
762 1549 832 1583 pro
855 1540 1038 1572 continuet
1057 1538 1180 1572 Guelf.
1202 1540 1374 1576 continet,
1390 1537 1484 1572 Obr.
1505 1551 1585 1571 con-

274 1597 402 1631 tineat.
630 1591 757 1625 inutile
777 1611 828 1617 —
849 1589 1044 1640 difficilius.
1076 1593 1205 1628 Turic.
1229 1593 1431 1639 inutilisque
1450 1589 1583 1639 diffici-

270 1651 352 1686 lius.
382 1647 483 1683 Flor.
498 1645 621 1682 Guelf.
635 1647 723 1680 Exc.
744 1649 891 1683 Sauten.
916 1648 1054 1681 inutilis
1074 1661 1141 1695 quo
1167 1645 1363 1695 clffcilim.
1394 1646 1579 1683 ExGoth.

269 1704 330 1740 nil
360 1704 431 1738 nisi
455 1703 600 1741 mutilis,
623 1714 669 1736 ex
690 1701 1078 1736 Alm.c0nt1·asolum
1103 1700 1291 1750 dfflcilius
1311 1701 1476 1736 affertur.
1509 1704 1579 1736 Re·
1605 1711 1610 1716 “

269 1758 372 1806 liqui
403 1757 549 1796 inut1'le‚
585 1769 656 1805 quo
676 1754 836 1802 facilius.
894 1757 1069 1791 Nostram
1101 1771 1118 1791 e
1149 1756 1579 1804 Tu1-ic.exsculp['1mus.

266 1815 432 1860 Recepta
463 1812 564 1846 enim
596 1810 766 1872 singulis,
799 1823 892 1857 quae
922 1811 1115 1846 ediscenda
1144 1813 1239 1852 sunt,
1261 1821 1368 1846 notas
1389 1823 1579 1859 apponere

265 1868 387 1916 jubet,
421 1867 525 1914 quod
545 1877 623 1901 erat
641 1866 682 1900 in
704 1862 780 1904 illa,
805 1879 917 1912 quam
940 1866 1186 1913 improbavit,
1210 1877 1299 1902 arte.
1465 1879 1578 1914 appo-

265 1937 362 1959 nere.
393 1922 507 1958 Goth.
541 1921 637 1965 (tac.
660 1921 797 1966 Gesn.)
826 1934 1007 1968 opponere
1029 1934 1115 1956 cum
1136 1922 1236 1961 Voff.
1258 1931 1294 1956 2.
1321 1934 1457 1970 ponere
1480 1921 1576 1957 Obr.
1606 1959 1607 1964 ¹

264 1979 374 2015 mire.
405 1980 502 2012 Mox
523 1978 651 2024 Camp.
664 1989 755 2025 quae
774 1989 845 2024 pro
866 1975 976 2025 quasi.

347 2075 410 2114 29.
441 2075 493 2106 ut,
507 2064 545 2111 si
563 2067 631 2100 erit
655 2083 705 2090 -
727 2072 845 2098 notae.
860 2065 988 2098 Turic.
1011 2064 1111 2101 Flor.
1135 2063 1259 2100 Guelf.
1284 2063 1357 2112 ms}
1373 2078 1407 2100 e.
1426 2064 1576 2099 trandus

260 2119 382 2172 (Flor.
412 2136 431 2157 a
462 2122 527 2155 sec.
557 2134 606 2155 m.
641 2119 838 2155 tradendus
864 2130 900 2154 et
923 2120 970 2154 sic
991 2119 1136 2163 Guelf.)
1157 2120 1204 2154 ad
1223 2120 1288 2154 hoc
1306 2139 1358 2146 —
1379 2119 1574 2156 remedium

258 2181 372 2214 utitur
401 2187 442 2212 ut
468 2175 567 2223 ipsae
593 2175 746 2219 (Turio.
774 2173 897 2209 Guelf.
918 2173 1018 2222 ipse)
1044 2190 1077 2210 n.
1105 2188 1190 2210 eum
1213 2175 1329 2210 Goth.
1350 2174 1453 2212 Voss'.
1476 2183 1511 2207 2.
1535 2184 1573 2209 et

258 2233 343 2268 edd.
368 2243 451 2267 ante
470 2230 554 2266 Ald.
577 2230 645 2277 qui
667 2240 790 2264 tamen
817 2242 947 2264 omnes
972 2231 1184 2270 tradendus,
1213 2231 1293 2278 ipso
1315 2229 1510 2264 accedente
1531 2229 1573 2263 in

256 2287 330 2324 hac
353 2287 509 2335 quidem
534 2298 630 2320 voce
655 2283 766 2319 Aldo.
807 2285 865 2318 Ex
884 2283 984 2319 Alm.
1011 2286 1161 2320 omiffio
1183 2295 1329 2321 tantum
1348 2283 1460 2319 verbi
1480 2285 1572 2318 exei-

258 2351 336 2378 tent
356 2351 572 2380 memorata,
603 2353 671 2387 per
695 2339 972 2374 conferentium
999 2339 1215 2387 neglectum
1241 2339 1428 2388 profecto·
1498 2338 1571 2373 Sed

257 2399 388 2446 Camp.
411 2411 430 2432 e
452 2406 600 2445 recepta
627 2393 729 2429 nihil
755 2394 963 2442 quidquam
985 2406 1118 2435 mutat,
1142 2396 1212 2430 nisi
1234 2394 1338 2443 quod
1362 2395 1472 2428 utitur
1493 2391 1567 2428 dat.
1628 2436 1630 2441 ,

255 2452 349 2488 Non
376 2453 498 2500 igitur
519 2465 538 2485 a
556 2450 675 2485 Badio
698 2447 775 2483 solo
798 2449 938 2488 tardus,
970 2449 1039 2497 qui
1060 2451 1107 2484 [ic
1129 2451 1161 2485 [e
1183 2450 1307 2498 legere
1330 2447 1499 2487 testatur,
1532 2458 1570 2483 et

253 2508 331 2554 jam
358 2519 441 2542 tum
465 2508 619 2541 excitent
639 2505 841 2544 insertum,
872 2517 912 2538 ac
939 2505 1098 2540 remedio
1127 2506 1314 2540 refictum.
1376 2503 1421 2535 In
1451 2501 1564 2537 hacce

253 2561 467 2609 stribligine
487 2559 709 2598 cumulandi
729 2559 893 2594 maxime
915 2568 972 2599 uc,
1003 2561 1108 2607 quod
1130 2559 1344 2607 teflegitur
1364 2557 1406 2592 in
1425 2556 1564 2593 brevis·
1613 2608 1617 2611 χ
1662 2582 1663 2588 ,

309 2701 373 2742 29.
405 2701 457 2733 ut,
476 2690 515 2742 fi
533 2693 600 2728 erit
619 2691 744 2728 ‘tardus
763 2689 946 2740 ——supra
965 2688 1082 2740 posui.
1111 2689 1158 2726 cf·
1174 2698 1271 2727 nott.
1295 2689 1395 2727 critt.
