1676 3028
333 257 430 305 450
629 246 705 290 Μ.
749 245 881 290 ΕΑΒ.
928 240 1391 307 ρυιικῙἹῚῙᾸΑικτΥ·ῖ1

335 369 575 419 saucibus
601 386 656 417 ac
674 367 879 417 summo
894 378 1103 432 pectore
1115 368 1374 417 abducere
1393 369 1524 416 licet.
1547 369 1640 416 Ar-

320 445 465 508 dent
484 446 624 492 enim
648 447 750 504 jam
776 444 963 492 omnia.
1042 446 1106 490 Et
1134 453 1194 491 ut
1227 461 1328 492 vox
1360 444 1639 492 vehemen-

338 522 445 568 tior
482 536 538 566 ac
570 521 731 583 magis
763 520 904 567 varia
938 518 1034 575 est,
1071 517 1140 565 lic
1180 520 1394 566 amictus
1428 531 1641 583 quoque

264 595 494 652 nqfiliabet
511 581 683 652 actum
703 593 965 658 quendam
987 611 1021 641 v
1010 594 1135 641 elut
1157 594 1521 679 proeliantem.
1544 597 1676 640 Ita-

337 686 443 733 que
466 679 523 717 ut
546 670 743 717 laevam
760 670 1033 718 involvere
1053 679 1169 732 toga
1191 678 1241 715 et
1263 669 1460 732 incingi
1481 652 1673 741 ΡᾶΘῐΙΘξ

335 742 596 793 furiosum
624 742 722 792 est:
761 743 933 792 sinum
954 761 1083 792 vero
1114 745 1170 791 in
1193 744 1432 815 dextrum
1461 737 1646 791 hume-

338 835 459 869 rum
494 819 556 866 ab
590 821 699 868 imo
740 821 950 880 rejicere
988 818 1215 868 lolutum
1251 836 1306 866 ac
1342 803 1646 874 delicatum,

338 894 585 960 fiuntque
607 894 779 943 adhuc
797 899 947 961 pejus
970 896 1166 958 aliqua:
1203 896 1271 943 ita
1288 911 1381 942 cur
1399 893 1647 941 laxiorem

338 969 515 1019 finum
539 968 743 1019 sinistro
765 970 977 1019 brachio
1010 987 1120 1018 non
1140 968 1506 1031 subjiciamus?
1544 970 1647 1016 Ha-

340 1045 427 1093 bet
460 1047 603 1093 enim
639 1061 750 1093 acre
779 1045 1027 1109 quiddam
1055 1055 1206 1108 atque
1236 1044 1561 1110 expeditum,
1595 1051 1648 1089 et

266 1121 502 1175 ³4ycalori
543 1122 987 1184 concitationique
1027 1136 1139 1168 non
1178 1120 1423 1169 inhabile.
1508 1118 1646 1167 Cmn

335 1212 465 1243 vero
490 1211 673 1259 magna
691 1212 806 1259 pars
827 1194 896 1243 est
914 1194 1152 1243 exhausta
1173 1195 1436 1255 orationis,
1459 1193 1645 1255 utique

338 1267 545 1317 afflante
566 1269 804 1328 fortuna,
843 1287 1004 1335 paene
1037 1273 1212 1317 omnia
1243 1269 1450 1325 decent,
1488 1266 1648 1314 sudor

336 1343 445 1410 ipse
479 1354 529 1392 et
559 1343 820 1410 fatigatio,
860 1355 910 1393 et
936 1346 1282 1410 negligentior
1317 1343 1560 1399 amictus,
1598 1349 1650 1387 et

337 1519 551 1554 :ministerio
577 1518 753 1554 adhiberi
780 1519 922 1555 laevam
949 1532 1116 1558 manum,
1141 1531 1235 1566 quae
1256 1517 1454 1553 difficilius
1479 1516 1519 1551 id
1545 1527 1652 1562 pera-

337 1584 412 1621 gat.
474 1570 615 1609 Contra
637 1572 815 1621 sisinum,
849 1587 927 1622 quo
948 1574 1137 1608 vocabulo
1160 1574 1282 1608 utitur
1303 1574 1552 1608 Burmannus,
1584 1569 1648 1604 ab·

338 1629 523 1664 ducemus
552 1642 569 1662 a
597 1628 768 1664 faucibus
798 1630 853 1674 (et
878 1630 981 1664 hunc
1010 1629 1258 1663 accusativum
1287 1641 1306 1663 e
1325 1628 1504 1675 proximo
1526 1623 1671 1672 repeti·

338 1684 630 1718 consentaneum
651 1684 738 1726 est);
770 1697 850 1719 non
869 1685 996 1722 video,
1010 1685 1102 1730 quid
1123 1696 1218 1730 opus
1237 1683 1281 1718 sit
1301 1697 1320 1717 a
1341 1682 1512 1718 faucibus
1532 1679 1650 1714 abdu-

341 1751 426 1773 cere
451 1738 492 1772 id
520 1737 624 1784 quod
650 1740 726 1784 jam
755 1738 919 1773 humero
949 1738 1133 1783 dejectum
1165 1739 1224 1774 est.
1282 1739 1340 1772 An
1368 1747 1403 1772 et
1434 1737 1498 1773 hic
1524 1733 1651 1771 fraudi

340 1793 459 1829 nobis
478 1793 528 1828 est
547 1793 739 1840 ignoratio
758 1794 916 1828 amictus
941 1792 1137 1828 Romani?
1167 1794 1272 1828 ardet
1296 1793 1390 1826 enim
1407 1790 1538 1826 Turie-

434 1848 523 1890 146.
556 1857 657 1895 toga.
680 1848 810 1884 Turic.
834 1848 1090 1884 F101.Ambr.
1117 1860 1152 1884 2.
1179 1849 1307 1896 Camp.
1337 1855 1460 1893 togam
1489 1834 1652 1889 (setl’hio

343 1913 382 1938 et
402 1903 482 1938 lem
503 1903 650 1945 modo).
680 1900 797 1951 efisic
815 1903 937 1951 sinum
959 1905 997 1937 in
1015 1904 1132 1940 dextr.
1158 1905 1288 1951 Camp.
1313 1899 1474 1949 estfinui
1497 1915 1532 1937 v.
1561 1902 1583 1936 ι’.
1613 1899 1650 1934 d.

341 1957 837 2005 Turic.Flor.1leligatum
864 1959 994 1993 Turio.
1023 1959 1124 1995 Flor.
1139 1958 1177 2008 si
1207 1956 1326 2006 nostro
1349 1955 1493 1992 Inachio
1521 1955 1650 1991 Turic-

341 2013 465 2048 σαῖσι-ε
485 2015 801 2061 concitationisquo
822 2015 953 2048 Turic.
976 2014 1080 2051 Flor.

431 2075 522 2112 147.
542 2068 726 2116 fatigatio
749 2069 955 2117 neglentior
982 2078 1046 2105 aut:
1067 2071 1158 2105 ictus
1177 2069 1307 2106 Turio.
1327 2066 1430 2104 Flor.
1453 2073 1490 2101 et
1508 2063 1655 2102 omittit

344 2122 475 2172 Camp.
503 2137 670 2172 quoque.

434 2277 525 2322 146.

343 2342 446 2380 toga.

341 2387 439 2425 locis
468 2388 579 2424 valde
611 2390 788 2436 appositis
811 2388 972 2424 illustrat

592 2279 733 2314 laevam
791 2280 974 2315 involvere
1030 2281 1078 2316 tis
1100 2279 1335 2316 manifestum
1357 2277 1416 2316 est,
1429 2287 1529 2315 cum
1540 2284 1653 2309 fevo·

509 2334 596 2369 Hoc
630 2335 789 2369 amictus
826 2335 971 2370 schema
1029 2347 1105 2371 cata
1129 2350 1146 2370 a
1169 2346 1276 2383 tergo
1296 2336 1337 2370 iu
1354 2341 1484 2382 pectus
1503 2327 1652 2366 lacinia,

1027 2392 1098 2426 sibi
1120 2392 1197 2439 ipsa
1216 2391 1266 2426 eit
1284 2387 1440 2436 cingulo
1462 2397 1557 2432 toga.
1574 2380 1652 2427 Qui

339 2444 486 2479 ferrar.
522 2457 560 2492 p.
590 2444 679 2479 626.
709 2446 751 2480 Β.
783 2445 825 2480 C.
863 2443 972 2479 velut

340 2498 451 2533 Livii
484 2506 555 2542 35,
590 2499 657 2538 16,
702 2512 762 2535 ιι.
795 2499 864 2535 ubi
888 2499 970 2535 vid.

343 2552 491 2588 Duker.
515 2564 552 2589 et
571 2553 765 2590 Drakenb.

429 2610 566 2655 incingi
577 2629 631 2637 —-
638 2608 830 2657 furiosum.
855 2610 970 2645 Hunc

344 2663 415 2697 effe
464 2665 634 2699 cinctum
669 2664 883 2705 Gabinum,
922 2665 968 2699 de

342 2728 420 2764 quo
452 2719 601 2765 egimus
631 2720 679 2756 ad
709 2723 743 2768 ᾗ.
768 2728 866 2767 ²39·
911 2721 965 2755 sa-

1028 2456 1138 2494 togae
1166 2445 1317 2481 habitus
1341 2442 1490 2491 quoties
1510 2436 1652 2473 furori-

1026 2501 1097 2536 bus
1123 2501 1225 2548 quati
1246 2497 1447 2534 accinxe1it
1469 2490 1653 2529 civilibus

1026 2558 1239 2595 Romanos,
1290 2552 1394 2601 apud
1437 2549 1654 2597 Appianum

1023 2610 1213 2658 impiimis
1241 2607 1372 2642 videre
1409 2605 1479 2646 est,
1508 2603 1538 2638 fi
1566 2600 1652 2647 quin

1023 2664 1191 2700 consulat
1237 2662 1404 2697 iudicem
1453 2655 1652 2702 Schweig-

1021 2717 1193 2755 haeuseri
1221 2730 1318 2756 voce
1353 2710 1622 2761 διαζωσάμενος·
