1676 3028
210 236 309 294 460
523 237 1208 297 M.FAB.QU1NT1L1AN1

212 359 339 409 sime
371 358 677 426 postulabit,
726 360 784 407 in
824 360 907 408 his
950 358 1222 425 duntaxat,
1288 360 1351 434 Q.
1394 363 1522 411 enim

213 426 491 503 Ligarius,
527 453 637 483 cum
665 430 789 508 effet
818 437 867 482 in
897 432 1096 503 Africa
1130 434 1271 484 nulla
1295 435 1410 486 belli
1424 433 1522 508 su-

172 501 394 582 spicio,
444 521 517 566 et,
566 510 637 559 A
680 510 938 558 Cluentius
981 507 1206 558 Habitus
1243 511 1396 574 pater
1432 512 1524 560 hu-

205 586 366 651 jusce.
445 584 648 633 Aliud
634 603 692 633 m
724 585 902 633 eadem
934 583 1144 665 poscent
1165 581 1402 644 affectus,
1436 586 1527 636 vel

217 661 475 716 concitati,
515 653 687 708 Nubit
717 678 907 728 genero
927 658 1140 731 socrus;
1177 662 1264 717 vel
1305 659 1529 719 flebiles,

219 732 555 804 Constituitur
595 739 643 783 in
681 734 815 804 foro
858 737 1145 784 Laodiceae
1173 731 1526 807 spectaculum

216 808 451 860 acerbum
501 821 550 859 et
590 810 826 882 miserum
875 815 967 860 coti
1006 807 1172 881 Asiae
1214 813 1520 875 provinciae.

141 887 445 942 163Maxime
465 888 608 935 varia
631 897 681 935 et
702 888 976 953 multiplex
998 888 1130 936 actio
1167 885 1239 935 est
1261 887 1527 953 probatio-

211 979 358 1010 num.
436 963 574 1010 Nam
613 973 664 1010 et
702 979 1022 1027 proponere,
1062 963 1267 1027 partiri,
1303 964 1527 1011 interro-

211 1054 357 1102 gare,
395 1036 623 1087 sermoni
646 1036 764 1102 sunt
782 1039 1046 1103 proxima,
1082 1047 1134 1086 et
1159 1036 1525 1087 contradictio·

209 1233 384 1268 acriorem
413 1230 543 1279 lepido
573 1244 713 1268 errore.
756 1230 916 1279 Reliqui
953 1246 995 1267 ac
1031 1240 1055 1268 ε.
1098 1233 1316 1280 apertiorem
1354 1229 1399 1266 ab
1426 1229 1525 1269 Jens.

209 1287 314 1322 inde.
391 1302 396 1313 s
512 1288 556 1337 Q.
589 1301 643 1321 em
651 1301 696 1321 m.
739 1287 800 1322 Sic
829 1287 960 1322 Ambr.
990 1296 1026 1323 2.
1067 1286 1235 1332 (fol-taffo
1263 1297 1387 1321 tamen
1409 1283 1525 1333 pleno

209 1343 487 1390 praenomine)
530 1342 655 1379 Guelf.
685 1342 801 1378 Goth.
832 1343 928 1380 Jens.
965 1343 1060 1387 (tao.
1094 1343 1231 1387 Gesn)
1271 1343 1401 1389 Camp.
1438 1350 1527 1375 cum

210 1398 314 1435 Voff.
351 1409 384 1433 2.
419 1397 517 1434 Van.
547 1399 660 1433 Tarv.
693 1399 738 1434 cf.
759 1398 900 1433 Ernest.
925 1397 972 1432 ad
996 1390 1070 1433 loc.
1100 1397 1176 1433 Cic.
1207 1396 1430 1446 ReliquiQ.
1455 1395 1527 1443 igi-

212 1460 271 1487 tur
297 1463 333 1488 et
357 1453 587 1488 recentiores
618 1452 734 1500 pleno
760 1453 1020 1501 praenomine.
1059 1454 1131 1488 Sed
1155 1453 1284 1487 Turio.
1305 1451 1406 1486 Flor.
1431 1451 1528 1485 enim

210 1508 459 1561 praenomine
489 1508 636 1543 omisso.
806 1510 843 1542 in
873 1506 1013 1553 Africa.
1044 1508 1106 1542 Sic
1129 1506 1257 1544 Turio.
1277 1505 1377 1541 Flor.
1398 1499 1525 1540 Guelf-

212 1563 344 1610 Camp.
374 1575 460 1596 cum
493 1562 609 1597 Goth.
630 1563 734 1599 Vols.
758 1577 792 1598 1.
820 1571 854 1598 2.
876 1562 975 1596 Alm.
1004 1561 1100 1598 Jens.
1123 1563 1235 1597 Tarv
1274 1563 1376 1596 Haec
1411 1559 1523 1595 omit·

211 1627 300 1654 tunt
330 1618 423 1652 Loc.
455 1618 552 1655 Ven.
584 1618 691 1652 Rusc.
719 1616 875 1664 Reliqui
907 1617 1030 1652 adhuc.
1081 1618 1180 1651 sslox
1210 1615 1357 1665 poscent
1391 1614 1522 1650 Turio.

211 1673 315 1707 Flor.
354 1672 487 1707 Ambr.
524 1682 558 1707 2.
612 1673 727 1708 Goth.
760 1672 857 1710 sens,
909 1674 1003 1715 (tac.
1037 1682 1073 1707 et
1104 1684 1175 1706 err.
1210 1670 1349 1716 Gesn.)
1391 1670 1521 1717 Camp-

213 1740 301 1762 cum
324 1727 407 1762 edd.
434 1738 518 1763 ante
542 1727 689 1775 Gryph.
707 1726 868 1774 posceret
891 1726 1017 1761 Guelf.
1048 1726 1204 1773 Reliqui
1230 1725 1392 1774 poscunt.
1427 1719 1527 1759 Mox

204 1782 346 1829 flevilis
366 1783 495 1817 Turic-
520 1782 620 1817 Flor.
635 1782 824 1829 flexibiles
840 1779 965 1816 Guelf.
987 1780 1128 1827 flebilis
1148 1782 1277 1828 Camp.
1298 1780 1412 1816 Goth.
1425 1779 1521 1817 Jens.

212 1841 300 1879 (tac.
331 1837 456 1881 Gesn.)
485 1839 598 1874 Tarv.
629 1835 867 1884 constituatur
897 1836 1013 1872 Goth.
1041 1835 1137 1881 (tac.
1167 1837 1296 1880 Geta.)
1325 1835 1527 1870 laeudiciae

211 1891 314 1927 Flor.
343 1893 528 1928 laodiciae
553 1894 683 1942 Camp.
725 1893 868 1928 laodice
889 1891 1007 1927 Goth.
1033 1891 1121 1937 (tae.
1145 1892 1275 1940 Gesn.)
1300 1892 1414 1928 Tarv.
1443 1890 1526 1935 (hio

211 1959 280 1995 per
300 1949 395 1993 AB).
425 1949 586 1985 lodiceae
614 1949 712 1987 Jens.
738 1961 826 1984 cum
847 1947 931 1983 edd.
951 1957 1036 1984 ante
1057 1947 1142 1984 Ald-

265 2113 311 2163 Q.
336 2114 430 2148 enim
450 2114 637 2161 Ligarius.
665 2116 738 2150 Pro
751 2115 838 2162 Lig.
898 2112 990 2147 dum
1022 2111 1198 2148 effectum
1225 2112 1282 2152 sit,
1315 2110 1462 2158 accipio
1489 2118 1528 2146 et

209 2180 242 2203 c.
270 2182 301 2202 1.
326 2169 371 2203 A.
394 2169 471 2204 Clu.
494 2179 530 2203 et
544 2170 659 2204 Nubit
671 2182 741 2217 pro
755 2170 840 2206 Clu.
898 2167 963 2202 hic
985 2168 1303 2202 contradictionem
1324 2163 1527 2201 adversarii

211 2235 244 2259 c.
259 2231 296 2267 5.
312 2222 710 2271 ConstituiturinVerr.
731 2239 764 2265 1,
775 2235 840 2269 50.
898 2222 1166 2271 praesumtam‚·
1205 2222 1251 2257 cf.
1284 2230 1330 2266 5,
1361 2229 1432 2264 ιδ,
1459 2219 1525 2267 46.

900 2279 1116 2324 Ρνοροησνε,
1146 2279 1279 2325 partiri
1303 2276 1397 2326 quid
1427 2275 1526 2316 effet,

274 2334 364 2378 163.
423 2336 745 2371 contradictionem
779 2333 841 2383 su·
901 2333 946 2368 de
986 2334 1165 2369 industria
1206 2332 1381 2369 tractavit
1404 2331 1528 2366 noster

210 2403 316 2425 mere.
341 2391 433 2426 Non
451 2390 628 2438 equidem
651 2403 737 2426 cum
759 2391 843 2426 Ges·
899 2388 924 2424 1.
958 2399 992 2431 4.
1024 2402 1055 2423 c.
1087 2395 1123 2432 4.
1150 2395 1185 2431 5.
1242 2390 1286 2423 In
1315 2387 1376 2423 his
1405 2386 1528 2434 igitur

149 2467 156 2477 ,
211 2457 306 2480 nero
329 2445 491 2493 sumtam
521 2447 843 2481 contradictionem
899 2443 1002 2479 nihil
1030 2443 1164 2480 elatius
1194 2441 1417 2479 sectandum*
1442 2439 1526 2478 erit·

210 2500 444 2548 interpretor
491 2503 685 2553 r-epetitam
739 2514 842 2545 eam,
900 2499 959 2535 sed
975 2497 1084 2546 plane
1104 2497 1354 2546 loquendum.
1383 2497 1434 2531 Ut
1448 2507 1526 2528 ma-

212 2568 309 2603 quae
332 2556 376 2590 ab
397 2556 610 2592 adversario
631 2556 748 2591 fuerit
756 2569 843 2604 pro·
900 2568 1014 2602 gnam
1046 2567 1132 2589 cum
1152 2551 1424 2601 competitione
1448 2548 1527 2602 aff}-

210 2609 299 2646 lata.
357 2611 502 2646 Sumere
518 2613 559 2646 in
580 2623 842 2659 argumentati·
902 2609 1057 2645 nitatem
1095 2608 1218 2643 habet,
1241 2604 1526 2654 pronunciatio.

213 2665 265 2701 do
287 2678 373 2701 cum
402 2667 514 2701 toties
542 2667 587 2702 fit
606 2667 842 2714 praesumere,
903 2665 960 2700 cf.
993 2665 1039 2699 ad
1065 2665 1159 2699 haec
1183 2662 1228 2698 de
1242 2659 1410 2710 sermone
1432 2672 1468 2708 9,
1491 2665 1527 2702 4.
1548 2670 1555 2674 “

213 2721 369 2757 statuere
391 2721 494 2769 quod
508 2722 739 2770 argumentis
748 2734 842 2757 nou·
906 2728 994 2763 151.
