1676 3028
333 241 425 287 519.
643 232 716 278 M.
751 235 883 281 FAB.
921 199 1325 295 QUINTILIQNI

329 353 542 419 sciplina
588 356 966 419 pertractanda,
1029 357 1140 406 sine
1189 375 1290 422 qua
1334 379 1488 414 nemo
1535 382 1631 413 nec

305 430 615 494 vvirbonus
654 429 774 487 effe,
834 448 930 479 nec
978 431 1187 482 dicendi
1219 437 1414 505 peritus
1452 439 1629 504 potest.

255 514 281 541 Β
324 502 446 552 Risi
491 503 626 552 forte
674 505 963 555 accedimus
1001 510 1092 566 iis,
1154 511 1250 573 qui
1286 510 1468 560 natura
1506 532 1629 564 con·-

324 578 455 626 stare
487 596 676 636 mores,
718 592 767 628 et
805 582 940 629 nihil
978 582 1213 644 adjuvari
1233 584 1501 650 disciplina
1531 606 1629 654 pu-

326 663 463 701 tant:
528 652 743 712 scilicet,
799 666 856 704 ut
892 673 952 704 ea
998 675 1130 722 quae
1167 676 1325 709 manu
1365 660 1522 719 fiunt,
1558 674 1629 712 at-

325 744 429 793 que
462 745 646 777 eorum
683 731 838 779 etiam
867 733 1265 792 contemtissima,
1283 735 1676 790 confiteantum

322 819 473 867 egere
499 802 835 855 doctoribus:
876 809 1122 858 virtutem
1162 826 1316 868 vero,
1355 827 1458 876 qua
1492 812 1629 861 nihil

318 877 555 935 homini,
594 896 700 944 quo
727 881 798 928 ad.⁴
815 881 944 932 deos
965 885 1279 934 immortales
1305 887 1526 952 propius
1550 904 1629 936 ac-

321 953 547 1011 cederet,
597 955 778 1005 datum
813 956 911 1015 eft,
951 959 1161 1007 obviam
1197 970 1247 1008 et
1278 962 1627 1021 illaboratam,

245 1038 270 1074 5
320 1039 522 1089 rtantum
562 1032 685 1094 quia
724 1034 830 1080 nati
868 1031 1053 1091 simus,
1090 1035 1383 1085 habeamus.
1460 1036 1626 1085 Absti-

315 1121 447 1153 nens
488 1105 608 1161 erit,
645 1109 740 1170 qui
774 1106 831 1173 id
867 1107 1064 1171 ipsum,
1105 1109 1235 1173 quid
1273 1109 1337 1159 fit
1369 1110 1624 1161 abstinen-

314 1179 412 1237 tia,
451 1180 688 1243 ignoret?
764 1185 829 1230 Et
858 1181 1035 1242 fortis,
1078 1186 1172 1248 qui
1201 1196 1372 1235 metus
1410 1187 1622 1245 doloriS,

312 1351 424 1388 londa
457 1353 587 1389 Turio.
649 1351 828 1401 honestius
857 1358 979 1404 utique
1008 1356 1111 1392 Flor.
1168 1370 1239 1406 qua
1270 1360 1394 1394 omnia
1421 1371 1480 1394 eur
1510 1358 1623 1395 bonus

313 1407 446 1444 Turio.
1431 1406 1439 1417 ¹

397 1495 433 1520 2.
463 1486 689 1522 accedimus..
723 1486 785 1521 Sic
817 1488 934 1525 Goth.
967 1491 1054 1531 (tac.
1079 1490 1205 1532 Gern.)
1243 1491 1371 1537 Camp.
1403 1504 1433 1526 c.
1454 1491 1556 1527 Voff.
1582 1500 1619 1525 2.

310 1540 503 1574 occidimus
523 1541 650 1575 Turic.
687 1542 892 1577 accedemus
912 1543 1042 1578 Ambr.
1068 1553 1104 1579 Ω.
1123 1543 1247 1579 ΘηεΠ.
1274 1558 1303 1579 c.
1330 1546 1429 1581 Voss'.
1450 1554 1485 1587 5.
1505 1547 1616 1581 Bern.

296 1595 520 1629 'accedamus
546 1594 700 1642 reliqui»
760 1597 791 1630 is
818 1600 880 1645 qui
910 1597 1039 1632 Ambr.
1072 1607 1107 1633 2.
1138 1601 1194 1632 cui
1221 1598 1342 1634 solum
1373 1600 1502 1634 Turio.

536 1663 578 1684 ea
609 1663 710 1698 quae.
771 1652 832 1686 Sic
861 1653 990 1687 Turio.
1029 1652 1130 1687 Flor.
1164 1666 1195 1689 c.
1226 1653 1324 1689 Alm.
1357 1655 1501 1704 quidem
1526 1655 1617 1691 inre÷

307 1714 400 1740 runt
427 1703 581 1752 reliqui.
634 1704 740 1751 fiant
758 1715 800 1741 at
829 1721 922 1754 quae
943 1721 1063 1742 eorum
1082 1709 1211 1755 Camp.
1270 1716 1393 1756 regere
1422 1710 1515 1752 dpct.
1541 1711 1619 1745 Tu-

307 1759 377 1794 ric.
398 1757 498 1794 Flor.
524 1760 653 1795 Ambr.
674 1770 709 1794 2.
731 1760 855 1796 Gu'elf.
880 1774 908 1796 c,
930 1762 1032 1798 Voss'.
1059 1775 1090 1796 ι.
1114 1771 1149 1804 5.
1174 1764 1283 1798 Bern.
1342 1777 1412 1811 quo
1431 1765 1521 1799 nihil
1541 1766 1618 1800 Tu·

307 1814 377 1849 ric.
434 1827 505 1862 quo
527 1814 577 1849 ad
597 1827 657 1850 eos
671 1815 806 1850 Turio.
867 1817 963 1863 quod
993 1816 1042 1850 acl
1070 1817 1105 1852 d.
1140 1817 1273 1854 Ambr.
1304 1827 1340 1853 2.
1371 1818 1497 1854 Guelf.
1527 1821 1617 1855 Exc.

308 1871 459 1906 Santen.
489 1882 519 1905 c.
543 1870 645 1907 Voss'.
675 1885 707 1904 ι.
727 1872 840 1906 Bern.
898 1871 1046 1907 accedat
1078 1873 1208 1920 Camp.
1240 1886 1270 1909 e.
1303 1874 1386 1908 edd.
1414 1884 1498 1909 ante
1526 1875 1615 1909 Bad.

307 1925 472 1959 accedere
494 1924 601 1959 Basil.
622 1925 690 1972 qui
714 1936 752 1960 et
765 1927 882 1961 modo
906 1926 1027 1974 quoatl
1044 1927 1219 1972 junctim.
1276 1929 1358 1964 obv.
1384 1929 1483 1964 illab.
1508 1930 1616 1964 omis-

306 1980 345 2014 so
366 1988 401 2014 et
421 1979 550 2015 Ambr.
573 1991 607 2016 2.
629 1979 753 2015 Guelf.
777 1981 892 2017 Goth.
922 1985 1008 2025 (tac.
1039 1982 1164 2024 Gesn.)
1186 1995 1216 2017 c.
1238 1984 1340 2019 Voss.
1364 1997 1395 2019 1.
1421 1994 1457 2020 2.
1478 1993 1513 2026 3.
1538 1987 1617 2019 nati

298 2033 423 2083 sumus
443 2036 572 2083 Camp.
601 2047 632 2071 c.
668 2035 785 2072 Goth.
807 2046 844 2071 et
866 2036 949 2072 edd.
981 2036 1071 2081 (nisi
1098 2037 1203 2085 quod
1232 2039 1328 2078 Jcns.
1361 2040 1474 2076 Tarv.
1500 2040 1615 2084 nacti)

305 2100 391 2126 anto
418 2093 539 2126 Stoer.

388 2187 424 2222 5.
456 2180 518 2226 qui
546 2179 585 2214 id
614 2178 729 2228 ipsum
764 2180 939 2215 omittere
969 2180 1111 2217 dicitur
1138 2181 1240 2223 Flor,
1272 2183 1332 2219 sed
1363 2184 1493 2220 Turio.
1526 2185 1615 2233 quid

302 2232 440 2281 ipsum,
470 2234 551 2281 post
582 2247 678 2282 quae
707 2236 846 2284 repetit
879 2248 926 2270 ex
953 2237 1145 2272 antecedd.
1176 2237 1267 2274 haec
1299 2247 1438 2273 tantum
1466 2241 1616 2287 quia-—

301 2287 482 2336 abstinens
514 2291 582 2324 erit
613 2300 648 2325 et
679 2291 864 2326 continuo
896 2291 1021 2338 pergit
1051 2293 1138 2339 quid
1159 2292 1214 2341 sic
1239 2308 1273 2330 a.
1333 2294 1408 2329 Aut
1428 2294 1549 2342 igitur
1568 2293 1614 2328 li-

301 2342 449 2379 brarius
476 2344 576 2379 Flor.
600 2345 759 2386 codicis.
789 2346 904 2381 antis
927 2346 996 2392 qui
1017 2346 1120 2382 hunc
1151 2348 1336 2388 contulit,
1373 2349 1528 2384 eandem
1556 2361 1612 2383 re-

299 2400 527 2446 petitionem
549 2410 633 2436 ante
654 2399 787 2436 oculos
808 2400 966 2440 habens,
998 2401 1198 2440 aberravit.
1261 2403 1330 2439 Sed
1355 2404 1392 2437 id
1418 2402 1532 2452 ipsum
1551 2402 1611 2438 ab·

300 2454 386 2488 esta
408 2454 537 2502 Camp.
563 2454 677 2490 Goth.
701 2455 804 2491 Voss'.
834 2467 867 2491 2.
900 2466 936 2491 et
965 2456 1048 2494 edd.
1082 2469 1164 2494 ante
1185 2456 1294 2494 Bam.
1321 2469 1484 2506 quorum
1512 2458 1608 2495 Jens.

297 2509 386 2554 (tac.
406 2510 536 2557 Gesn.)
554 2511 666 2547 Tarv.
688 2511 856 2560 quicquid
868 2510 935 2560 sit.
1210 2516 1362 2569 ignoret.
1395 2513 1456 2548 Sic
1475 2512 1607 2548 Turic-

295 2663 396 2702 mer.
415 2653 461 2688 ad
481 2652 685 2702 Hippolyt.
706 2666 744 2690 v.
758 2663 820 2701 79.
841 2667 927 2703 pag.
983 2655 1084 2704 apud
1102 2656 1272 2692 nostrum
1287 2659 1326 2702 4.
1349 2656 1434 2690 Pro.
1457 2663 1495 2699 5.

302 2714 391 2756 ²74.
441 2721 555 2745 mores
606 2709 813 2748 excolendi
843 2710 929 2746 sunt
