1676 3028
379 126 542 172 1NsT.
582 124 861 171 ORATOR.
893 123 1012 170 Lm.
1050 89 1124 180 X,
1163 120 1223 177 5.>
1378 135 1472 180 171

119 255 327 305 utimur
351 253 553 304 nostris.
608 254 825 318 Figuras
842 267 990 309 vero,
1025 249 1223 314 quibus
1244 250 1475 298 maxime

118 341 342 383 ornatur
378 331 576 390 oratio,
615 330 808 382 multas
843 346 901 391 ac
938 329 1109 377 varias
1140 325 1476 392 excogitandi

117 410 276 458 etiam
298 408 555 458 necessitas
580 407 836 473 quaedam
862 404 960 454 est:
1003 405 1130 470 quia
1151 405 1475 469 plerumque

45 528 47 530 ,
119 503 147 534 a
171 486 380 535 Graecis
401 489 640 535 Romana
674 482 992 532 dissentiunt.
1071 481 1175 531 Sed
1206 492 1257 535 et
1290 482 1383 529 illa
1409 498 1471 529 ex
1495 497 1519 535 4

115 564 320 618 Latinis
356 561 632 612 conversio
662 562 895 614 multum
930 570 982 608 et
1021 557 1132 625 ipsa
1167 559 1470 608 contulerit.

117 642 194 689 Ac
252 639 319 688 de
365 640 688 688 carminibus
731 637 954 703 quidem
998 637 1271 685 neminem
1311 635 1471 686 credo

119 715 380 780 dubitare,
417 703 527 782 quo
564 715 678 766 solo
703 732 896 781 genere
927 714 1316 763 exercitationis
1339 712 1472 762 dici-

117 802 208 842 tur
245 792 370 842 usus
405 791 503 841 effe
538 794 817 858 Sulpicius.
943 793 1086 840 Nam
1144 802 1195 839 et
1230 789 1474 841 sublimis

116 867 330 934 spiritus
362 870 600 918 attollere
635 870 931 918 orationem
962 867 1161 934 potest:
1210 879 1260 916 et
1296 868 1473 926 verba,

114 947 318 1010 poetica
351 946 593 994 libertate
626 946 934 1002 audaciora,
974 962 1086 994 11011
1126 944 1475 1010 praesumunt

113 1020 299 1072 eadem
334 1023 553 1090 proprie
597 1021 812 1072 dicendi
854 1020 1169 1090 facultatem.
1290 1021 1394 1071 Sed
1422 1030 1475 1070 et

115 1189 219 1234 hujus
243 1187 325 1239 effe.
586 1191 825 1238 excogitandi
845 1192 959 1225 etiam
980 1187 1180 1239 neceffitas.
1210 1189 1344 1226 Turic.
1367 1189 1475 1226 Flor-

114 1244 200 1290 (hic
219 1259 238 1280 a
260 1259 319 1294 pr.
340 1246 413 1292 m.)
444 1246 634 1283 omittunt
662 1260 751 1282 cum
774 1246 877 1283 Alm.

175 1306 210 1343 4.
243 1310 280 1336 σε
308 1303 386 1339 ἱΙΙα.
418 1302 668 1341 Goth.'Jens.
701 1306 789 1349 (tac.
825 1303 957 1346 Gesn.)
988 1303 1103 1338 etiam
1135 1303 1158 1337 ι’.
1192 1316 1280 1338 011111
1300 1303 1407 1342 Voss'.
1435 1315 1473 1342 2.

119 1366 158 1391 et
180 1358 264 1393 edd.
285 1359 446 1408 posteri.
474 1371 560 1395 ante
581 1359 713 1394 Basil.·
838 1369 844 1375 ·
960 1360 1094 1394 dicitur
1117 1357 1199 1407 usus
1221 1357 1302 1408 effe.
1335 1361 1472 1398 Turio.

118 1413 263 1450 ducitur
287 1411 348 1462 eft.
379 1415 483 1451 Flor.
508 1418 546 1460 (a
572 1429 630 1464 pr.
651 1417 722 1461 m.)
755 1417 901 1451 ducitur
923 1413 1002 1464 effe.
1034 1415 1136 1450 Alm.
1175 1416 1311 1451 dicitur
1331 1415 1413 1466 effe.

202 1479 238 1506 et
250 1469 431 1520 sublimis.
463 1472 595 1507 Turic.
629 1470 725 1521 ests.
756 1472 861 1507 Flor.
896 1473 935 1517 (a
953 1485 1012 1520 pr.
1037 1472 1109 1517 m.)
1141 1471 1208 1520 es.

201 1527 380 1563 audacior
363 1542 416 1565 r.a
439 1529 572 1564 Turic.
596 1528 702 1565 Flor.
725 1529 934 1569 audaciore,
959 1543 978 1563 a
1000 1541 1058 1577 pr.
1071 1542 1124 1565 m.
1149 1528 1218 1564 ille
1239 1530 1474 1572 audititiore‚

116 1582 183 1618 hic
202 1583 398 1620 auditiore.
431 1585 559 1620 Guelf.
593 1586 769 1624 audacior
799 1598 889 1620 cum
912 1586 1017 1622 Voss.
1032 1594 1070 1629 3.
1275 1601 1349 1623 non
1369 1602 1475 1636 prae-

109 1637 370 1688 sumuntJSic
410 1641 800 1679 Τ11110.1”·’101·.011111
819 1641 922 1678 Alm.
948 1641 1058 1677 Basil.
1090 1642 1227 1679 Burm.
1251 1644 1362 1679 Gesn.
1384 1645 1472 1694 Bip.

117 1709 182 1731 nec
196 1710 234 1744 p.
260 1695 358 1732 Obr.
372 1696 542 1750 Reliqui
562 1699 674 1734 MSS.
697 1709 734 1734 et
755 1699 883 1734 excusi
903 1709 989 1734 ante
1010 1699 1043 1734 J
1048 1710 1143 1735 ocat.
1169 1708 1205 1734 et
1219 1715 1256 1750 p.
1283 1712 1319 1737 et
1339 1702 1473 1750 Camp-

118 1749 279 1800 quidem
296 1752 509 1802 praesumit.
543 1756 643 1790 Mox
676 1768 810 1791 01111103
843 1753 1080 1804 praesumunt
1101 1756 1238 1798 solum,
1271 1771 1350 1806 quo
1373 1759 1477 1794 redit

117 1808 279 1857 capper.
299 1809 394 1845 hinc
413 1810 637 1846 alienissima
671 1811 852 1847 effutiens
881 1812 923 1846 in
945 1823 1048 1847 nota.
1081 1813 1295 1860 Gedoynus
1318 1828 1478 1864 quoque

117 1877 139 1900 e
155 1877 273 1914 prava
298 1866 484 1915 scriptura
505 1880 628 1903 meras
649 1881 770 1916 nugas
794 1867 952 1903 eliciens
977 1868 1215 1916 defungitur.
1481 1872 1487 1875 ”

201 1922 341 1957 eadem.
364 1924 496 1959 Turic.
517 1923 620 1961 Flor.
645 1924 772 1961 Guelf.
799 1925 954 1960 eandem
976 1937 1065 1960 011111
1086 1924 1212 1967 libris,
1238 1939 1280 1962 ut
1302 1926 1475 1969 videtur,

119 1977 303 2014 omnibus
324 1991 406 2014 exc.
428 1981 563 2029 Camp.
588 1984 695 2026 (nam
714 1981 782 2016 hic
805 1981 975 2030 expreffe
994 1980 1189 2030 nostrum)
1222 1982 1319 2019 Obr.
1339 1984 1475 2020 Burm.

116 2034 229 2071 Gesn.
259 2034 348 2083 Bip.
381 2035 571 2072 Nostrum
592 2037 703 2073 suasit
721 2036 918 2073 Rollinus.
1178 2041 1342 2088 proprie.
1375 2042 1476 2080 Jens.

176 2167 333 2214 Figuras
349 2169 769 2217 vero—excogitandi.
829 2170 1015 2205 cultatem.
1071 2169 1193 2206 Nihil
1240 2171 1478 2212 difficultatis

121 2223 228 2270 Quae
268 2223 335 2258 hie
378 2224 646 2272 significantur
665 2225 772 2273 figu-
828 2226 871 2261 in
923 2225 1034 2267 loco,
1083 2226 1205 2262 modo
1253 2231 1480 2269 memineris

116 2293 207 2321 rae,
236 2279 436 2316 runcinae
456 2281 670 2316 verborum
689 2282 770 2330 pri·
826 2280 1057 2330 praesumere
1087 2283 1158 2318 effe
1190 2285 1227 2318 in
1261 2287 1481 2337 anteceffum

118 2349 241 2377 mum.
272 2335 413 2372 deinde
442 2337 557 2373 etiarn
581 2341 770 2386 gramma·
828 2337 998 2386 auferre,
1040 2339 1150 2385 cujus
1183 2340 1480 2389 significationis

117 2392 217 2433 xicae
240 2393 375 2442 potius
396 2406 512 2442 quam
539 2393 771 2434 rhetoricae,
829 2395 959 2430 testem
1001 2396 1188 2432 Gesnerus
1235 2409 1338 2435 recte
1389 2402 1482 2438 citat

118 2449 305 2496 quoniam
335 2449 379 2485 id
420 2450 630 2499 spectatur,
661 2451 771 2500 quod
826 2449 961 2486 locum
991 2466 1056 2494 11,
1082 2467 1115 2491 1,
1148 2463 1214 2498 27.
1246 2455 1321 2491 Sed
1341 2458 1479 2495 eodem

119 2505 289 2541 Romani
325 2516 362 2541 et
402 2505 540 2542 Graeci
583 2507 769 2543 sermonis
827 2507 975 2543 faciunt
991 2507 1071 2544 levi
1089 2509 1320 2554 differentia,
1335 2516 1480 2562 quibus

120 2561 320 2598 diversitas
375 2562 498 2598 facere
552 2574 770 2599 vertentem
828 2563 955 2599 utitur
983 2565 1254 2611 Burmannus,
1284 2581 1330 2609 2,
1363 2578 1408 2614 4,
1444 2582 1481 2615 7.

122 2617 241 2665 cogit.
271 2618 319 2654 cf.
338 2631 371 2658 1,
395 2631 429 2659 1,
456 2627 516 2663 ¹5·
547 2625 587 2666 4,
611 2628 647 2660 2,
677 2626 769 2664 118·
834 2634 870 2660 ι,
903 2632 968 2662 10,
1003 2630 1069 2665 27,
1102 2629 1140 2667 8,
1171 2625 1211 2666 6,
1243 2626 1308 2672 65.
1340 2628 1388 2666 cf.
1408 2641 1480 2665 nos

114 2679 120 2708 ᾖ
180 2680 331 2716 4.·11011
373 2674 611 2726 praesumunt
631 2675 770 2724 —fa-
827 2676 875 2712 ad
912 2690 946 2719 1,
982 2690 1016 2719 ι,
1047 2689 1113 2717 20.
