1676 3028
311 219 475 265 INST.
513 217 791 264 ORATOR.
827 217 948 263 ΠΒ.
982 215 1078 268 x1‚
1116 223 1162 262 ι.
1311 229 1407 274 271

67 347 231 405 velis,
282 344 535 396 concedas
566 345 664 393 alia
697 345 915 395 omniar
944 344 1008 393 *in
1036 343 1141 393 hoc
1172 341 1285 392 solo
1317 344 1411 409 'vel

30 473 34 476 .
66 425 245 482 minim
278 425 538 490 peritum,
578 438 738 486 quam
765 423 825 470 in
858 423 1070 480 ceteris,
1108 420 1333 490 adjecta,
1365 419 1411 469 si

65 502 262 569 poterit
288 499 429 558 fieri,
469 501 628 548 etiam
657 498 828 558 causa,
867 516 962 548 cur
991 498 1051 547 id.
1082 498 1156 546 ita
1191 496 1281 555 sit,
1319 497 1412 546 vel

65 579 225 646 paulo
245 578 685 643 pertinaciorem,
731 578 819 626 vel
848 576 1155 634 credulum,
1192 576 1287 625 vel
1302 575 1411 623 'ira-

66 666 201 713 tum,
237 655 324 704 vel
361 652 650 719 impulsum
680 654 742 703 ab
777 652 904 704 aliis.
982 656 1098 703 Hoc
1135 652 1244 702 illis
1265 668 1410 701 com·
1430 674 1483 712 72

65 749 230 781 mune
252 730 550 780 remedium
574 730 662 790 est,
701 729 743 779 fi
776 733 835 781 in
863 741 976 780 tota
997 716 1201 780 actione
1225 746 1415 795 aequa-

66 809 190 858 liter
226 820 469 876 appareat
503 826 615 858 non
652 809 830 858 honor
860 807 1054 866 modo,
1131 805 1222 854 sed
1247 808 1414 855 etiam

66 887 283 934 caritas':
359 889 626 950 praeterea
670 884 818 934 causa
857 885 922 933 sit
963 886 1119 934 nobis
1170 881 1299 945 justa
1341 882 1414 933 sic

65 961 307 1012 dicendi:
348 978 522 1028 neque
547 961 607 1011 id.
628 961 898 1013 moderate
917 949 1123 1011 tannim
1145 958 1414 1020 faciamus,
1476 985 1482 989 ·

63 1125 154 1169 φιμιι
183 1112 286 1149 Alm.
332 1115 593 1164 praesumtum
631 1130 679 1153 ex
707 1116 968 1167 sequentibus.
1258 1117 1411 1165 poteritq

58 1168 163 1206 Flor.
209 1170 342 1207 Ambr.
366 1181 402 1207 2.
445 1172 571 1208 Guelf.
600 1175 694 1210 Exc.
736 1177 886 1212 Santen.
923 1177 1088 1224 potuerit
1131 1186 1219 1211 cum
1242 1173 1351 1210 voff.
1373 1181 1410 1216 3.

60 1225 180 1263 Goth.
210 1227 308 1264 Jens.
335 1228 451 1264 Tarv.
484 1229 531 1264 cf.
555 1239 598 1274 7,
634 1244 677 1272 ι,
709 1236 776 1278 44.
799 1233 853 1273 2,
896 1243 961 1269 22.
1194 1231 1234 1266 id
1254 1232 1318 1266 ita.
1349 1229 1413 1264 Sic

59 1278 195 1317 Afflbr.
229 1290 266 1318 2.
300 1295 400 1328 ⁴Qum
433 1286 567 1320 Ioann.
605 1286 707 1322 Alm.
746 1289 851 1326 Voss.
884 1301 918 1323 1,
952 1297 990 1331 5.
1041 1290 1156 1324 Bem.
1198 1285 1285 1322 Ald.
1330 1286 1413 1320 dita

63 1335 198 1373 Turio.
226 1337 328 1374 dicta
356 1338 453 1378 Jens.
486 1341 573 1386 (tac.
595 1343 725 1392 Gesn.)
755 1345 870 1380 Tarv.
908 1343 1071 1392 Reliqui
1102 1346 1157 1379 ita
1185 1340 1324 1378 solum.

149 1403 214 1437 72.
238 1392 354 1454 sitin.
387 1395 519 1432 'rm-ic.
549 1397 652 1434 Flor.
695 1400 821 1437 Guelf.
853 1400 946 1437 Exc.
988 1402 1140 1437 Samen.
1175 1400 1307 1447 Camp.
1342 1398 1414 1448 nifi

64 1461 154 1485 cum
182 1450 299 1487 Goth.
329 1452 433 1490 Voff.
457 1463 492 1488 2.
523 1452 624 1489 Alm.
655 1452 755 1492 Vall.
796 1461 835 1502 (a
862 1471 921 1505 pr.
952 1471 1005 1492 m.
1035 1467 1080 1493 ut
1109 1457 1235 1493 visum
1266 1455 1410 1500 Badio)

64 1515 102 1540 et
129 1505 214 1540 edd.
241 1517 328 1552 gnte
357 1506 445 1543 Ald.
478 1510 548 1557 qui
567 1509 618 1558 si,
643 1513 821 1549 suadente
850 1513 988 1560 Regio.
1231 1511 1286 1560 sil:
1297 1509 1414 1560 —sl'c

62 1561 219 1597 dicendi.
258 1563 389 1599 Turio.
419 1564 524 1600 Flor.
556 1565 613 1614 sit
635 1586 689 1595 —
700 1568 757 1618 sit
783 1569 951 1605 dicenda.
998 1581 1046 1604 ex
1075 1566 1177 1603 Alm.
1211 1567 1268 1617 sit
1288 1587 1343 1595 —
1356 1565 1414 1616 sic

61 1616 228 1665 dicenda.
270 1618 397 1655 Guelf.
441 1622 530 1657 Exc.
574 1625 675 1661 Sant.
710 1627 842 1674 Camp.
877 1624 933 1675 sit
956 1624 1078 1674 —sit
1115 1626 1273 1661 dicendi.
1311 1625 1411 1663 Jens·

52 1671 91 1723 [ἰ
111 1673 232 1729 -ᾒ]ἲε
263 1675 418 1711 dicenda
447 1690 536 1714 cum
559 1679 643 1716 edd.
679 1693 763 1718 ante
792 1682 885 1718 Bad.
914 1682 1100 1718 Nostrum
1129 1681 1253 1729 ipsum
1288 1681 1337 1716 est
1368 1681 1414 1732 in

63 1729 182 1767 Goth.
212 1731 317 1769 Voss'.
351 1743 387 1768 2.
418 1733 519 1770 Vall.
570 1736 713 1774 Haeret
745 1739 786 1775 in
825 1739 932 1774 hisce
965 1739 1166 1779 Gesnerus,
1219 1738 1289 1785 qui
1339 1738 1416 1773 illis

62 1785 202 1822 referri
221 1787 324 1834 poffe
343 1800 457 1837 negat
486 1791 559 1826 nisi
587 1793 631 1828 ad
657 1797 691 1841 ᾗ.
716 1795 780 1839 68.
810 1794 913 1835 „illis
943 1793 1074 1834 causis,
1102 1794 1312 1842 speciebus,
1342 1793 1415 1830 ubi

62 1842 348 1882 „adversarium
369 1844 551 1883 nolumus
571 1847 720 1886 laedere
746 1856 858 1891 etc.“‚
889 1851 1029 1889 deinde
1049 1849 1166 1885 malle
1187 1851 1220 1885 se
1242 1849 1338 1885 dicit
1363 1863 1414 1885 ex

62 1907 194 1934 vetere
222 1897 291 1934 ina
323 1900 408 1935 edd.
442 1902 626 1951 scriptura
658 1907 851 1954 recipere:
880 1906 1010 1954 ‘causa
1032 1905 1070 1955 si
1104 1905 1211 1940 nobis
1239 1903 1339 1953 justa
1359 1905 1416 1954 sit:

62 1953 220 1991 dicendi,
280 1955 387 1990 Mihi
421 1958 580 2005 quidem
611 1962 817 1998 molestum
851 1963 900 1998 est
931 1963 1140 2011 asyndeton
1167 1962 1212 1997 in
1236 1962 1415 1998 oratione

61 2010 198 2051 nostra,
229 2011 413 2060 quodque
433 2014 510 2050 duo
529 2016 652 2053 sensus
673 2020 852 2055 continui
877 2019 1087 2055 ordiuntur
1108 2018 1154 2054 ab
1177 2019 1290 2059 Haec,
1321 2020 1414 2054 Hoc.

63 2063 148 2114 Nec
168 2068 348 2115 procedit
369 2068 526 2117 vulgata
547 2072 647 2109 ratio
669 2075 743 2110 nisi
761 2076 979 2111 mutatione
999 2074 1068 2110 illa
1089 2075 1214 2122 Regio
1236 2075 1415 2111 suadente

63 2119 158 2156 facta
189 2123 392 2171 scripturae
431 2125 512 2174 nisi.
595 2129 637 2163 Si
677 2131 752 2165 illis
790 2143 931 2168 neutro
973 2144 1113 2179 genere
1145 2131 1308 2179 accipias
1339 2143 1413 2180 pro

66 2177 220 2220 talibus,
258 2181 437 2225 ejusmodi
465 2182 591 2224 rebus:
629 2187 772 2236 mponi
802 2188 924 2223 velim
956 2188 1035 2223 Nec
1065 2187 1131 2233 (cf.
1152 2200 1240 2227 110,
1273 2194 1320 2231 5,
1359 2187 1416 2234 ι.)

123 2311 160 2344 in
179 2314 318 2355 ceteris,
336 2314 494 2360 adjecta.
529 2316 607 2366 Qui
627 2329 712 2363 toto
772 2323 805 2368 §.
841 2320 926 2368 69.‚
960 2321 1154 2357 concedere
1190 2321 1318 2369 poscat
1347 2321 1416 2357 ali‘

62 2364 140 2402 hoc
170 2367 273 2403 sensu
309 2371 355 2406 ab
394 2374 432 2406 in
463 2374 531 2409 710⁶
551 2374 639 2422 solo
665 2377 712 2411 ad
773 2377 870 2424 quid
890 2378 933 2412 in
954 2377 1148 2426 proximis
1173 2378 1244 2413 sibi
1264 2379 1416 2427 opposi-

60 2422 259 2471 impulsum
296 2426 342 2460 ab
385 2429 468 2464 aliis
510 2433 712 2479 acquieve·
770 2443 873 2472 tum,
907 2433 1018 2481 quale
1046 2434 1107 2469 ibi
1150 2445 1229 2469 erat
1263 2436 1416 2469 ademit.

62 2489 156 2516 tunt
209 2480 357 2523 adhuc,
427 2487 533 2533 quod
585 2488 710 2528 sciam,
768 2490 1007 2525 Intercidil'se
1028 2490 1153 2538 igitur
1185 2491 1315 2525 censeo
1348 2490 1416 2525 ali-

55 2545 198 2588 ‘omnes
217 2537 357 2580 critici,
370 2541 592 2579 videnture
612 2558 710 2579 voce
770 2544 886 2592 quid;
945 2557 982 2581 et
1027 2546 1184 2594 quidem
1229 2545 1416 2584 facillime

66 2593 236 2631 concedas
255 2606 358 2631 recte
378 2596 516 2634 elicere
535 2599 607 2635 sibi
624 2601 710 2643 visi,
769 2601 868 2636 dicas
889 2602 1064 2637 haustum
1082 2603 1167 2651 post
1186 2605 1310 2638 ceteris
1327 2613 1416 2639 anto

69 2647 175 2692 quod
201 2649 300 2684 deest
333 2652 370 2686 ei
410 2655 575 2690 verbum
619 2657 710 2691 fini·
767 2658 926 2702 adjecta.

69 2710 163 2736 tum.
215 2705 263 2766 Itl
313 2709 493 2755 equidem
544 2713 710 2761 probare
829 2724 892 2757 72.
954 2714 991 2763 fi
1028 2718 1066 2750 in
1103 2723 1182 2751 tota
1217 2733 1276 2742 —-
1310 2715 1416 2765 causa

68 2768 149 2792 ”⁰¹²
169 2761 330 2807 P0ssum,
353 2777 454 2809 cum,
467 2778 511 2805 ut
531 2779 573 2822 et⁴
589 2769 710 2807 modo
761 2768 818 2821 sit
837 2789 894 2800 -
911 2772 1068 2811 dicendi.
1097 2771 1145 2810 cf.
1167 2783 1264 2810 nott.
1287 2772 1392 2810 eritt.
