1676 3028
249 245 340 301 176
557 247 630 291 M.
666 248 797 291 FAB.
836 247 1243 306 QUINTILIANI.

243 386 368 427 rum,
386 366 656 439 factorum
687 367 978 418 diversitate
1011 367 1160 416 facile
1197 368 1457 418 delitescet
1480 372 1563 418 in·-

239 444 474 501 firmstas,
512 456 591 494 tot
606 444 657 492 se
678 445 914 508 undique
940 445 1110 499 rebus,
1151 461 1212 491 ex
1243 446 1435 509 quibus
1469 446 1562 492 ali-

172 541 217 562 ιι
243 537 402 583 qnam
433 519 810 584 apprehendas,
849 515 1205 568 offerentibus.
1282 520 1423 567 Illud
1453 522 1560 568 vir-

241 595 375 664 tutis⁸
393 595 648 642 indicium
671 593 757 650 est,
796 592 1034 651 fundere,
1075 609 1204 656 quae
1233 605 1414 642 natura
1435 583 1558 644 con-⁴-

239 679 395 717 tracta
428 668 562 725 sunt,
603 685 790 732 augere
820 685 1006 732 parva,
1047 669 1345 716 varietatem
1377 667 1558 717 simili-

238 744 357 799 bus,
393 744 718 807 voluptatem
741 742 984 807 expositis
1009 742 1144 799 dare,
1165 754 1217 790 et
1235 743 1366 790 bene
1386 743 1558 791 dicere

236 819 401 865 multa
449 818 514 866 de
553 819 748 882 paucis.
863 821 923 866 In
969 818 1070 866 hoc
1121 818 1317 881 optime
1369 815 1560 866 facient

236 891 476 940 infinitae
506 891 848 956 quaestiones,
888 911 1014 957 quas
1033 894 1211 942 vocari
1242 892 1393 947 θέσεις
1426 891 1559 940 dixi-

235 984 368 1025 mus,
386 968 770 1031 quibusCicero
793 972 894 1028 jam
918 969 1159 1032 princeps
1181 969 1235 1015 in
1266 983 1323 1015 re
1349 967 1559 1031 publica

235 1117 341 1152 Paria
372 1117 629 1152 desiderantur
660 1117 752 1155 tria,
803 1118 862 1152 sed
893 1131 963 1165 ego
1009 1131 1126 1152 rerum
1154 1117 1263 1152 fuiss‘e
1292 1117 1457 1165 suspicor
1483 1130 1555 1165 pro

233 1171 436 1220 causarum,
477 1184 513 1208 et
544 1172 645 1207 illud
676 1174 831 1220 quidem
863 1173 1046 1208 facillime
1076 1172 1284 1206 excidebat.
1416 1174 1445 1194 Ι

320 1226 512 1274 delitescet.
565 1227 680 1262 Goth.
724 1232 814 1273 (err.
847 1228 972 1271 Gesn.)
1003 1226 1187 1274 delirasset
1221 1239 1308 1260 cum
1337 1224 1436 1263 Vall.
1464 1224 1556 1261 Bad.

229 1281 327 1316 male
357 1282 433 1316 hoc
463 1281 663 1330 probante.
931 1282 976 1331 se
1004 1283 1173 1329 undique,
1220 1281 1350 1316 Turic-
1395 1279 1556 1327 secundi.

229 1336 331 1372 Flor.
362 1337 400 1380 (a
421 1350 476 1383 pr.
497 1336 569 1380 m.)
590 1336 822 1386 secundique.
1043 1350 1086 1371 ex
1116 1335 1250 1384 quibus.
1289 1335 1420 1370 Turic.
1451 1333 1554 1369 Flor-

229 1401 265 1425 et
283 1391 425 1438 quibus,
455 1391 522 1426 ille
545 1404 563 1424 a
583 1393 649 1427 sec.
673 1405 722 1427 m.
755 1407 773 1427 e
793 1406 850 1440 q.‚
892 1391 957 1427 hic
988 1392 1170 1426 nostrum.
1395 1390 1556 1437 aliquam'

230 1447 493 1493 apprehendas.
533 1447 662 1481 Turio.
695 1446 797 1482 Flor.
829 1446 954 1482 Guelf.
995 1448 1152 1494 aliquem
1181 1460 1215 1481 a.
1257 1443 1401 1487 (Guelf.
1433 1444 1554 1491 depr.)

228 1512 320 1534 cum
342 1500 445 1535 Alm.
678 1501 921 1547 offerentibus.
953 1502 1081 1535 Tul-ic.
1114 1499 1309 1546 offertium.
1440 1518 1443 1521 ·

317 1567 376 1590 ιι.
422 1557 579 1591 virtutis.
637 1556 767 1590 Turic.
814 1555 916 1590 flor.
965 1555 1089 1591 Guelf.
1141 1554 1258 1589 Goth.
1304 1557 1392 1598 (tac.
1426 1553 1552 1595 Gesn.)

227 1610 359 1658 Cnmp.
387 1613 562 1645 virtutum
591 1624 679 1646 cum
708 1611 811 1647 Voss‘.
837 1620 872 1652 5.
909 1608 912 1611 ’
1127 1623 1252 1657 parva.
1283 1608 1414 1643 Turio.
1445 1605 1549 1642 Flor.

225 1674 344 1713 parto.
376 1665 446 1699 Ille
467 1679 486 1699 a
506 1667 573 1700 sec.
598 1678 649 1700 m.
678 1679 808 1714 parca,
838 1665 903 1699 hic
923 1666 1104 1700 nostrum.
1133 1663 1234 1698 Alm.
1264 1671 1400 1710 partes.

310 1721 548 1767 voluptatem.
577 1720 678 1754 Alm.
708 1721 943 1755 voluntatem.
975 1719 1045 1755 Nil
1065 1719 1136 1754 tale
1154 1719 1246 1753 mei.
1271 1718 1317 1752 cf.
1346 1730 1405 1757 10,
1427 1723 1462 1760 4,
1483 1725 1548 1762 55.

313 1773 496 1821 infinitae.
529 1775 662 1811 Turic.
694 1774 795 1810 Flor.
829 1775 910 1818 (hic
936 1787 1029 1822 apr.
1050 1775 1121 1818 m.)
1153 1773 1332 1820 infinitas.

306 1828 430 1870 θέσεις.
462 1829 589 1865 Gnelf.
621 1829 737 1865 Goth.
767 1831 863 1867 Jens.
893 1830 981 1874 (tac.
1005 1830 1133 1876 Gesn.)
1162 1830 1293 1875 Camp.
1324 1825 1430 1874 thesis
1459 1839 1547 1863 cum

224 1886 308 1921 edd.
340 1895 423 1919 ante
451 1883 541 1923 Ald.
573 1885 634 1919 sed
653 1885 746 1919 Bad.
789 1884 941 1933 Theseis.
1167 1896 1205 1918 re
1226 1883 1382 1931 publica.
1414 1881 1543 1916 Turic.

223 1941 338 1977 rebus.

281 2075 343 2097 ιι.
385 2060 544 2107 fundere
570 2078 626 2086 —
657 2069 856 2096 contracta.
914 2059 1082 2094 Latioris
1113 2057 1220 2093 illius
1258 2057 1548 2105 significationis

224 2117 470 2153 Contrarium
494 2116 542 2150 est
563 2115 622 2150 illi
645 2120 724 2163 §.4
744 2116 859 2163 effusa
914 2114 1013 2148 illud
1057 2127 1210 2161 quoqne
1241 2116 1399 2148 Senecae
1430 2112 1547 2159 Epist.

211 2170 466 2220 substringere.
517 2171 578 2205 Sic
621 2182 659 2205 et
686 2171 765 2206 Cic.
811 2171 856 2205 de
917 2176 979 2211 55.
1002 2170 1239 2216 p.1‘›ip.159.
1272 2169 1476 2207 „Frontem
1494 2185 1548 2192 --

219 2227 344 2261 Finib.
369 2236 391 2269 5
405 2252 415 2266 ,
452 2233 512 2268 15.
541 2226 656 2272 fundi
674 2244 728 2252 -—
749 2234 784 2260 et
805 2245 857 2252 --
914 2243 1004 2263 ,‚—-
1023 2234 1167 2258 tantum
1188 2224 1295 2263 novi,
1326 2232 1361 2256 et
1383 2219 1548 2268 exposita

219 2283 380 2319 dilatari,
411 2280 480 2315 ubi
505 2281 628 2328 posito
658 2294 677 2315 a
694 2281 852 2315 Davisio
908 2292 1031 2326 „qnae
1049 2278 1208 2313 ostendit
1225 2278 1338 2312 etiam
1355 2287 1547 2312 transenn-

219 2338 376 2371 Senecae
418 2335 504 2369 loco
553 2336 688 2375 „latius
729 2336 853 2370 virtus
909 2334 1077 2373 ‚.tibus.“

218 2390 437 2435 „funditur”
469 2401 505 2425 et
526 2390 729 2438 aliquoties
755 2389 852 2425 Plin.
964 2388 1136 2427 θέσεις.
1168 2387 1213 2423 cf.
1238 2397 1272 2426 2,
1302 2399 1334 2427 1,
1365 2398 1401 2431 9.
1431 2387 1545 2420 Recto

217 2446 309 2479 nist.
334 2447 382 2480 N.
405 2445 519 2491 fundi
553 2448 588 2479 in
609 2445 850 2479 latitudinem.
911 2443 1163 2479 demonstrant
1183 2442 1259 2477 Cic.
1282 2441 1326 2475 ad
1347 2442 1423 2476 Att.
1445 2452 1482 2486 9,
1503 2445 1541 2485 4.

214 2500 351 2534 Noster
381 2507 425 2544 3,
460 2509 504 2542 3,
542 2513 602 2535 ιο.
652 2501 850 2535 Novatum
907 2500 992 2540 „Ne
1027 2511 1088 2531 me
1134 2507 1257 2532 totum
1304 2494 1542 2542 'aegritudini

215 2553 368 2588 dicendi
395 2568 535 2601 genus,
570 2555 674 2601 quod
703 2555 748 2594 is,
781 2555 849 2601 qui
905 2554 1077 2594 „dedatm
1111 2551 1221 2584 sumsi
1240 2550 1339 2584 mihi
1361 2549 1540 2597 quasdam

214 2607 346 2642 dilatat
375 2609 539 2656 aliquam
572 2622 651 2644 rem
664 2635 675 2650 ,
707 2609 848 2643 dicitnr
904 2619 1107 2654 „tanquam
1125 2604 1262 2645 §fieece‘
1282 2615 1350 2639 cet.
1369 2605 1414 2639 cf.
1430 2617 1487 2652 ep.
1502 2615 1537 2649 9.

209 2661 362 2708 sundere
385 2664 552 2700 eandem.
903 2662 1039 2702 ,θέσεις
1068 2673 1168 2694 meas
1187 2659 1437 2694 commentari
1457 2670 1537 2693 non

267 2716 449 2765 expositis.
508 2719 552 2753 cf.
581 2728 624 2759 2,
684 2725 709 2765 5
724 2745 733 2758 ,
786 2729 844 2765 ¹9·
904 2717 1098 2757 „desino.“
1157 2716 1294 2749 Mouet
1338 2715 1534 2751 Gesnerus,
