1676 3028
349 187 523 238 ,INSTs
560 181 838 249 ORATOR.
871 184 994 228 LIB.
1031 176 1116 238 XI,
1153 194 1198 238 3.
1348 191 1445 238 545

93 306 221 365 ²1'wn
249 311 343 382 fit:
381 311 473 362 sed
503 313 803 361 exercitatio
841 314 955 372 ejus
993 309 1115 358 talis⁴
1141 307 1233 367 sit,
1273 309 1447 374 qualis

107 390 263 441 usus:
303 407 402 439 nec
420 389 627 440 filentio
654 387 895 445 subfidat‚
935 385 1024 435 sed
1052 384 1301 435 firmetur
1321 402 1448 435 con-

101 462 408 525 suetudine,
432 485 536 534 qua
562 465 842 516 difficultas
867 464 1040 514 omnis
1063 463 1283 512 levatur.
1322 462 1448 511 Edi·
1470 473 1522 513 25

105 544 248 602 >fcere
282 555 482 602 autem,
522 562 632 610 quo
664 543 974 599 exercearis,
1024 541 1124 589 erit
1151 541 1446 606 bptimum:

108 639 232 671 nam
259 637 324 670 ex
343 633 592 689 tempore
626 621 858 670 dicentes
888 628 1071 668 avocat
1095 635 1122 666 a
1153 635 1274 667 cura
1300 618 1450 667 vocis

111 700 232 757 ille,
272 700 368 764 qui
403 715 465 747 ex
487 699 646 748 rebus
679 696 804 763 ipsis
839 696 1167 763 concipitur,
1205 690 1449 743 affectus:

111 786 166 824 et
200 775 427 824 ediscere
460 793 621 841 quam
655 769 881 824 niaxime
913 774 1074 832 varia,
1117 789 1251 837 quae
1276 772 1452 820 etcla-

90 869 345 916 imorem,
399 863 450 900 et
478 853 916 918 disputationem,
954 861 1004 899 et
1037 848 1359 908 sermonem„
1400 859 1452 901 et

113 926 297 979 flexus⁷
315 929 570 988 habeant,
609 939 672 979 ut
704 927 864 978 simul
895 930 952 977 in
977 929 1156 976 omnia
1188 943 1450 993 paremur.

111 1064 200 1088 cum
223 1053 337 1088 Bern.
361 1055 470 1102 quam
490 1049 673 1100 desertura
690 1048 747 1100 sit
766 1070 821 1080 —
837 1049 873 1099 f.
897 1064 925 1085 c.
958 1051 1089 1098 Camp.
1114 1063 1202 1086 cum
1229 1049 1349 1086 Goth.
1380 1047 1455 1100 (de

113 1108 248 1146 omiffa
265 1112 364 1144 Voce
382 1121 456 1144 non
475 1118 546 1144 tac.
569 1108 697 1151 Gesn.)
727 1108 829 1144 Voff.
854 1117 890 1143 2.
910 1106 1012 1148 Vall.
1035 1103 1128 1156 qisae
1151 1103 1359 1154 defiderata
1381 1119 1455 1142 non

104 1164 160 1216 fit
180 1165 280 1214 -f.
302 1179 330 1202 c.
369 1166 472 1202 Voff.
498 1175 533 1209 5.
567 1179 675 1213 quam
706 1163 955 1214 desideratura
986 1179 1060 1201 non
1079 1162 1135 1212 sit:
1154 1183 1211 1192 —-
1235 1162 1270 1211 f.
1293 1177 1321 1198 c.
1355 1163 1455 1203 Jens.

114 1235 204 1258 cum
229 1222 314 1258 edd.
345 1222 503 1271 posterr.
535 1231 620 1257 ante
651 1221 739 1258 Ald.
791 1223 892 1261 Cum
924 1233 961 1257 et
991 1221 1085 1257 haec
1116 1219 1458 1257 vetustiffimorum

115 1279 345 1317 auctoritate
377 1279 548 1317 careant,
598 1277 721 1314 fateor
751 1292 813 1314 me
842 1278 1083 1327 propendere
1114 1278 1157 1313 in
1187 1276 1295 1318 illam
1320 1277 1458 1313 Ambr.

114 1334 353 1383 scripturam,
385 1335 450 1370 cui
477 1349 545 1383 par
575 1335 651 1370 fere
681 1346 808 1370 tamen
837 1335 957 1370 fuerit
984 1334 1100 1370 Goth.
1121 1334 1242 1368 modo
1272 1334 1460 1369 scribatur

116 1403 221 1439 quae.
271 1391 408 1427 Nostra
441 1391 603 1427 debetur
640 1391 754 1439 Regii
781 1391 963 1439 ingenio,
995 1391 1064 1439 qui
1095 1404 1169 1425 non
1189 1391 1264 1436 jam
1284 1389 1460 1426 invenie-

114 1447 182 1483 bat
211 1447 254 1482 in
283 1446 409 1483 libris.
467 1447 590 1483 Modo
622 1448 846 1489 imbuamur,
872 1448 977 1496 quod
1001 1446 1189 1494 plurimae
1210 1446 1352 1482 habeut
1372 1446 1459 1483 edd.

114 1505 214 1546 (non
226 1504 378 1550 Camp.)
389 1503 430 1538 in
448 1502 559 1538 nullo
573 1503 622 1538 est
636 1504 716 1538 MS.
738 1504 892 1538 Deinde
905 1503 1112 1552 nesilentio
1123 1502 1257 1538 Ambr.
1271 1511 1307 1538 2.
1325 1504 1458 1551 Camp.

113 1563 202 1594 ’011111
233 1558 350 1606 Goth,
382 1560 479 1598 Jens.
510 1560 625 1594 Tarv.
651 1557 844 1608 subsideat
866 1571 996 1596 autem
1013 1560 1112 1598 Jens.
1133 1569 1170 1594 et
1190 1558 1274 1594 edd.
1301 1560 1460 1608 posterr-

111 1625 202 1658 ante
218 1614 298 1661 Ajd.
319 1616 364 1651 de
376 1616 492 1652 Goth.
509 1629 581 1651 err.
600 1616 707 1651 Gesn.
732 1616 801 1665 qui
821 1630 1023 1665 perperam
1040 1615 1160 1666 ¹etiam
1175 1615 1266 1650 inde
1285 1617 1461 1654 enotavit

110 1670 286 1720 firmiter.
329 1674 425 1709 Mox
444 1673 582 1708 levetur
600 1683 748 1722 practer
765 1673 882 1709 Goth.
904 1686 942 1711 et
959 1674 1062 1710 Voff.
1085 1686 1117 1708 1.
1141 1671 1208 1720 (an
1230 1682 1252 1706 2
1265 1672 1306 1718 ’3)
1323 1675 1456 1723 Camp.

119 1741 300 1777 quoque,
331 1741 376 1765 ut
405 1729 595 1778 [11spicor;
634 1728 746 1764 male.
809 1731 1045 1767 Sententiam
1076 1729 1173 1765 hanc
1203 1729 1462 1779 consuetudine

119 1781 324 1833 dffculeas
349 1788 468 1821 omnis
487 1785 632 1821 levatur
654 1786 838 1834 excerpsit
858 1786 1217 1835 11101ileg.Santen.

206 1848 271 1884 25.
305 1855 379 1899 quq
396 1843 604 1881 exercearis,
629 1843 706 1876 eric.
742 1842 873 1876 Turio.
898 1842 1001 1878 Flor.
1005 1814 1110 1888 t>(hic
1132 1856 1150 1876 a
1175 1857 1232 1892 pr.
1258 1844 1330 1887 m.)
1360 1844 1463 1893 quod

120 1911 196 1934 non
225 1911 258 1933 e.
479 1898 638 1932 dicentes
664 1907 798 1932 avocat
824 1913 859 1932 α.
901 1899 1213 1935 Turic.Amb1
1237 1908 1273 1933 2.
1309 1900 1463 1934 dicentis

121 1964 279 1991 avocata
310 1966 398 1989 cum
421 1954 526 1990 Vols.
551 1962 588 1997 3.
643 1954 717 1989 Sed
742 1953 845 1990 Flo1.
870 1955 1023 1990 dicentis
1045 1964 1232 1991 avocatur.
1253 1955 1381 1991 Guelf.
1409 1957 1465 1992 ‹li-

122 2012 236 2046 centis
255 2025 279 2046 a
298 2019 444 2046 notata.
469 2011 602 2058 Camp.
634 2010 789 2046 dicentis
809 2012 986 2047 advocati
1007 2025 1095 2048 cum
1116 2013 1223 2050 Voss'.
1249 2022 1285 2048 2.
1312 2013 1466 2049 dicentis

123 2069 274 2104 avocati
301 2066 419 2102 Goth.
460 2066 638 2101 dicentem
667 2068 851 2103 advocata
881 2069 979 2106 Jens.
1013 2081 1101 2104 cum
1132 2069 1216 2104 edd.
1253 2060 1339 2104 ante
1373 2068 1462 2107 Ald.

125 2122 308 2159 dit-entem
327 2131 459 2157 avocat
490 2137 512 2157 a
533 2124 639 2158 Gesn.
664 2123 749 2174 Rip.
790 2124 950 2172 Reliqui
976 2125 1113 2160 dicenti
1133 2134 1320 2162 avocatur.
1380 2126 1466 2162 No-

126 2179 244 2216 strum
277 2193 296 2214 e
327 2179 567 2224 conjectura,
598 2190 805 2227 praeeunte
838 2182 1017 2217 Gesnero.
1071 2183 1171 2218 sslox
1194 2183 1327 2218 Tui-io.
1361 2197 1466 2233 qnae.

125 2236 213 2272 Post
232 2234 386 2283 affectus
406 2235 593 2271 omittunt
611 2245 647 2270 et
665 2237 799 2271 Ambr.
827 2248 861 2272 2.
896 2238 1023 2274 Guelf.
1049 2251 1136 2273 eum
1161 2239 1279 2275 Goth.
1309 2240 1407 2278 Jens.
1431 2252 1470 2277 et

129 2293 214 2328 edd.
242 2290 398 2340 posterr.
423 2302 507 2326 ante
528 2291 642 2333 Ald.;
674 2291 785 2331 male.
815 2305 860 2329 ut
879 2305 988 2330 notat
1005 2296 1162 2343 Regius.
1329 2296 1466 2343 flexus.
1505 2334 1507 2336 .

128 2349 262 2385 Turic.
289 2347 421 2396 Camp.
446 2347 620 2394 deflexus.
653 2349 732 2384 Hic
751 2363 798 2384 ne
820 2351 893 2399 ipsi
913 2351 1072 2399 quidem
1094 2351 1343 2388 vetufiiffimo
1365 2355 1469 2390 obse-

127 2404 327 2453 quendum
351 2403 460 2442 duxi,
490 2405 581 2452 quia
604 2405 650 2440 de
671 2418 769 2441 voce
791 2407 939 2456 semper
960 2407 1007 2443 est
1017 2408 1154 2454 flexus,
1171 2421 1173 2423 ·
1188 2422 1269 2445 non
1291 2409 1465 2457 deflexus.

125 2462 227 2498 Mox
249 2462 286 2496 in
307 2462 432 2496 omnia
452 2461 642 2497 omittunt
661 2462 794 2499 Turie.
816 2462 920 2499 Flor.
947 2463 1030 2512 (hic
1051 2478 1069 2499 a
1086 2478 1145 2514 pr.
1170 2468 1244 2511 m.)
1264 2479 1351 2503 cum
1363 2468 1466 2505 Alm.

180 2564 396 2599 exercitatio
409 2581 461 2590 —
474 2563 593 2612 qualis
613 2562 704 2613 usus.
720 2564 766 2602 cf.
826 2565 892 2602 illc
915 2567 1042 2607 sonus,
1069 2567 1120 2603 ad
1137 2569 1327 2605 canticum
1349 2585 1470 2621 paene

131 2622 198 2667 29ss
215 2619 308 2655 item
335 2632 370 2660 1,
396 2632 459 2660 11,
489 2626 551 2667 14.
828 2624 1020 2660 accedens.
1045 2624 1091 2661 cf.
1106 2628 1140 2673 ᾖ.
1158 2635 1248 2667 170.
1275 2641 1307 2667 1,
1326 2641 1341 2661 1
1357 2642 1388 2668 ι,
1408 2640 1470 2665 12.

133 2704 137 2707 e
185 2683 252 2719 25.
284 2675 456 2723 etfloxus
470 2677 494 2712 ἰ.
519 2690 550 2712 e.
576 2677 770 2723 ejusmodi
828 2679 967 2715 Malim
1008 2681 1090 2717 sane
1122 2681 1267 2728 flexum
1306 2685 1472 2734 singula·

125 2726 253 2772 locos,
275 2745 373 2781 quos
396 2732 524 2769 deceat
542 2733 771 2772 miserabilis
827 2736 936 2772 riter.
