1696 3016
329 214 492 261 1NsT.
539 213 818 260 ORATOR.
867 213 988 258 Lm.
1035 213 1108 270 x,
1153 226 1195 258 1.
1400 226 1428 270 3

90 357 268 392 carens
297 349 527 399 rectore,
565 338 713 390 fluit:
750 340 847 404 qui
875 337 1057 389 autem'
1078 338 1280 398 scierit,
1318 357 1431 407 quo

43 440 50 444 ⁵
89 434 334 489 quaeque
375 417 475 467 fint
513 417 677 467 modo
724 417 974 475 dicenda,
1022 416 1121 466 nifi
1165 427 1341 465 tamen
1370 419 1431 467 in

88 497 384 564 procinctu,
404 505 738 560 paratamque
760 494 824 542 ad.
847 510 1030 544 omnes
1055 492 1211 551 casus,
1231 494 1431 543 habue-

87 575 159 623 rit
193 573 580 638 eloquentiam,
610 573 761 621 velut
793 569 973 620 clausis
999 569 1254 620 thesauris
1278 572 1432 620 incu-

87 649 246 701 babit.
340 650 471 697 Non
523 659 698 698 autem
743 659 806 699 ut
856 647 1097 714 quidque
1149 649 1473 714 praecipuef»

87 723 430 776 necessarium
462 723 558 782 est,
610 724 676 774 fic
707 724 773 774 ad
806 719 1141 774 efficiendum
1172 736 1434 775 oratorem

88 803 305 852 maximi
345 804 592 867 protinus
623 804 722 851 erit
755 804 1040 852 momenti.·
1115 804 1258 851 Nam
1293 813 1434 851 certe

90 897 213 928 cum
256 877 316 927 fit
348 879 407 926 in
453 879 757 943 eloquendo
796 879 1030 946 pofitum
1073 882 1294 929 oratoris
1324 877 1436 928 offi-

89 957 264 1014 cium,
329 949 510 1006 dicere
553 966 672 1004 ante
720 956 899 1005 omnia
942 954 1014 1003 est
1033 973 1047 1014 ;
1106 965 1262 1020 atque
1305 955 1433 1005 hinc

86 1033 305 1082 initium
325 1035 434 1093 ejus
457 1033 579 1080 artis
598 1030 751 1081 fuiffe
769 1030 1106 1081 manifestum
1129 1031 1224 1091 est3
1256 1034 1436 1098 proxi-

85 1125 229 1159 mam
261 1108 455 1159 deinde
493 1105 893 1174 imitationem,
943 1107 1271 1160 noviffimam
1289 1105 1435 1180 scri·

170 1245 237 1292 qui
267 1251 389 1279 autem
409 1240 545 1291 scierit.
606 1242 738 1278 Turic-
759 1239 814 1291 s,(a
843 1244 970 1292 prima
1003 1243 1149 1287 manu)
1178 1241 1281 1279 Flor.
1307 1253 1432 1280 autem

88 1301 153 1348 qui
175 1299 299 1349 scivit.
358 1298 486 1334 Guelf.
515 1313 548 1347 q.
568 1298 750 1347 a.sciunt.
808 1300 923 1347 Apud
941 1300 1119 1336 Riccium
1143 1310 1270 1351 texfus
1290 1300 1344 1336 ita
1367 1314 1431 1336 ex·

89 1355 271 1392 hibetur:
297 1355 480 1402 fluitabst.
547 1355 678 1390 Etiam
706 1359 769 1404 qui
791 1356 907 1406 sciet,
946 1366 1128 1392 monente
1158 1356 1271 1391 etiam
1306 1357 1432 1392 Land-

89 1411 224 1448 fidelio
256 1411 429 1459 fluitabit
467 1411 653 1460 praestare
691 1425 781 1460 prae
817 1411 890 1448 illo
915 1413 1019 1460 fluit.
1087 1413 1149 1447 Ex
1175 1411 1239 1448 his
1269 1412 1432 1449 indiciis

88 1468 251 1505 scribam
271 1467 407 1515 fluitat
432 1467 486 1513 (s.
509 1467 740 1517 fluitabit).·
770 1478 806 1505 et
835 1471 898 1519 qui
917 1468 1056 1519 scierit.
1115 1470 1173 1503 lta
1201 1469 1440 1505 concinnius

91 1525 206 1560 etiam
232 1538 348 1573 neque
362 1543 417 1551 -—
437 1533 473 1560 et
494 1543 551 1552 -—-
571 1533 608 1559 et
628 1545 680 1553 -—
693 1552 703 1562 .
935 1539 1006 1575 quo
1030 1538 1193 1575 quaeque
1203 1523 1283 1574 fini:
1305 1525 1431 1562 modo.

89 1581 154 1616 Sic
182 1580 314 1616 Turio.
345 1580 473 1617 Guelf.
506 1581 638 1630 Camp.
667 1582 786 1619 Goth.
818 1585 915 1627 (tac.
949 1582 1105 1627 Gesm).
1165 1595 1236 1629 quo
1272 1594 1435 1630 quaeque

89 1638 199 1674 modo
220 1636 255 1686 s.
285 1637 384 1675 Jens.
416 1639 516 1683 (tac.
547 1638 690 1683 Gesn.)
722 1652 811 1675 cum
838 1639 923 1675 edd.
955 1648 1040 1673 ante
1059 1637 1146 1675 Ald.
1176 1652 1270 1687 quae
1290 1651 1436 1687 quoque
1494 1644 1501 1675 '.

79 1692 116 1743 s.
138 1707 186 1732 m.
215 1693 348 1731 Turio.
374 1692 393 1739 (
405 1708 423 1729 a
444 1707 496 1730 m.
514 1698 598 1742 pr.)
621 1695 725 1732 Flor.
785 1695 944 1744 Reliqui
966 1707 1035 1743 quo
1046 1693 1126 1744 fine
1146 1708 1310 1743 quaeque
1329 1708 1376 1729 m.

176 1761 312 1787 tamen.
371 1751 434 1786 Sic
452 1750 585 1786 Turiu-
620 1754 669 1798 (a
688 1766 745 1802 pr.
769 1746 849 1796 m.)
880 1751 985 1788 Flor·
1017 1764 1106 1786 cum
1139 1750 1240 1786 Alm.
1270 1763 1308 1787 et
1328 1751 1434 1787 Ricc-

88 1806 249 1856 Reliqui
283 1816 470 1855 tanquam.
694 1819 951 1858 γαναεαηιᾳιιε.
1019 1808 1152 1844 Turic.
1187 1811 1231 1855 (a
1261 1821 1321 1857 pr.
1352 1809 1434 1853 m.)

90 1862 193 1900 Flor.
219 1876 308 1900 cum
329 1863 431 1899 Alm.
454 1863 612 1913 Reliqui
635 1875 804 1914 paratam
835 1866 994 1914 quidem.

177 1919 306 1971 clausis
330 1919 516 1970 thesauris.
549 1921 652 1958 Flor.
682 1923 823 1972 clausos
843 1921 1043 1970 thesauros.

175 1986 213 2022 ὃς
243 1976 415 2026 quidque.
453 1979 584 2014 Turic.
605 1977 708 2015 Flor.
728 1978 856 2016 Guelf.
877 1979 1012 2029 Camp.
1031 1979 1203 2030 quicquid
1223 1991 1312 2015 cum
1329 1976 1433 2015 Alm-

91 2033 167 2070 sed
190 2033 306 2070 Goth.
334 2035 487 2084 quicque
516 2037 616 2079 (err.
640 2036 796 2083 Gesn.).

150 2143 188 2170 2.
218 2134 322 2181 fluit.
391 2134 579 2172 Observa:
621 2137 737 2174 Gesn.

93 2190 172 2227 hoc
208 2189 288 2227 dici
326 2202 398 2239 pro
414 2191 628 2237 fluitando,
664 2194 737 2238 flu-

94 2247 256 2283 ctuando
281 2256 320 2282 et
337 2248 453 2296 ponit
464 2247 634 2297 exempli
645 2248 735 2286 loco

95 2302 265 2340 Martial.
300 2313 348 2344 4,
379 2303 454 2344 66,
492 2309 554 2348 14.
612 2306 736 2347 „Nec

93 2360 214 2396 mersa
252 2359 305 2395 'est
337 2358 498 2408 pelago,
545 2374 616 2397 nec
648 2361 737 2398 fluit

95 2414 175 2452 ulla
202 2415 295 2451 ratis
307 2422 352 2458 “,
383 2429 482 2467 quae
507 2416 591 2452 sane
619 2418 736 2455 stacta

94 2471 354 2521 intelligitur,
403 2482 447 2508 ut
480 2472 624 2510 lacerae
654 2476 736 2522 ejus

95 2528 246 2564 tabulae
285 2527 441 2565 fluitent
481 2543 552 2578 per
601 2531 735 2567 undas.

97 2583 212 2620 Subit
256 2596 382 2622 tamen
425 2586 640 2629 dubitati03
689 2601 738 2623 an

95 2640 162 2676 hic
215 2655 371 2690 quoque
419 2642 555 2690 fluitat
611 2643 738 2680 noster

96 2696 310 2747 scripserit,
331 2699 453 2735 ..ficuti
484 2699 535 2734 est
569 2711 591 2745 7
619 2700 736 2749 praef.

97 2760 135 2796 5.
168 2752 258 2790 loco
291 2754 407 2804 plane
443 2756 612 2805 gemino.
677 2756 737 2794 Cf.

793 2149 876 2176 not.
898 2138 984 2175 crit.
1042 2138 1171 2173 Etiam
1193 2138 1235 2172 in
1258 2135 1435 2172 thesauro

792 2196 859 2232 suo
880 2195 1002 2235 ,Gesm
1031 2194 1109 2230 lxoc
1129 2206 1207 2229 uno
1219 2193 1369 2240 fluendi
1386 2192 1437 2228 fic

794 2251 967 2299 usurpati
994 2249 1173 2299 exemplo
1193 2248 1353 2297 defungi
1371 2259 1435 2285 co·

793 2307 911 2356 gitur.
939 2305 1181 2342 Forcellinus
1200 2307 1324 2355 ipsum
1337 2316 1434 2354 quo·

794 2376 869 2411 que
899 2362 1064 2410 ignorat.
1130 2362 1306 2398 similius
1336 2360 1434 2410 quid

793 2419 922 2455 nostro
945 2419 1061 2455 habet
1088 2431 1124 2466 9,
1148 2429 1184 2461 4,
1214 2428 1305 2466 ι29.

850 2474 978 2526 clausis
1021 2475 1195 2525 thesauris
1236 2473 1432 2517 incubabit,

793 2531 840 2568 cf.
864 2532 1005 2579 Georg.
1025 2543 1066 2573 2,
1095 2539 1188 2577 507.
1218 2529 1435 2580 defoffoquo

793 2587 941 2623 incubat
962 2601 1065 2625 auro.

852 2710 889 2745 5.
937 2703 1192 2739 imitationem.
1267 2701 1440 2749 Apparet

793 2756 885 2793 loco
915 2758 1018 2807 ipso,
1052 2771 1129 2808 quo
1160 2758 1239 2794 hoc
1262 2755 1438 2806 ponitur.

895 2815 926 2849 A
959 2827 982 2850 2
