1676 3028
18 1384 20 1386 -
87 1359 306 1398 vindicent.

316 256 499 316 ῚΝεΤ.
537 268 816 316 ORATOR.
850 253 972 312 Lm.
1008 268 1119 323 ΧΠ,
1145 279 1188 311 1.
1325 275 1424 324 485

8 420 9 423 ¹
66 396 313 453 ‘tuimUS‚
348 396 423 454 is,
463 395 603 460 quia
625 396 697 444 Μ.
723 394 922 444 Catone
956 390 1177 450 finitur,
1217 394 1303 441 vir
1336 389 1423 441 bo-

80 487 209 533 nus,
255 455 454 522 dicendi
493 474 726 537 peritus5
803 487 1019 530 verum,
1080 470 1138 518 id
1180 469 1329 534 quod
1371 479 1425 518 et

80 551 176 600 ille
202 547 383 618 posuit
403 552 582 615 prius,
621 558 674 597 et
696 546 803 614 ipsa
823 558 1009 598 natura
1029 548 1212 614 potius
1235 563 1292 595 ac
1313 562 1423 594 ma-

79 629 166 690 ius
206 625 304 685 est,
357 628 548 692 utique
586 628 674 674 vir
706 622 879 674 bonus.
967 614 1029 674 Id
1067 642 1175 674 non
1211 640 1276 673 eo
1311 635 1425 672 tan-

81 708 228 762 tum,
264 703 440 769 quod,
492 702 534 751 fi
566 704 647 752 vis
680 702 770 750 illa
805 701 1019 751 dicendi
1052 702 1307 750 malitiam
1342 702 1443 750 ini-1

82 779 350 838 struxerit,
406 780 546 829 nihil
585 777 649 828 sit
696 779 926 845 publicis
967 779 1294 847 privatisque
1343 795 1426 827 re-

80 857 181 908 bus
205 855 552 924 perfficiosius
585 857 906 923 eloquentia,
940 874 1146 923 nosque
1178 853 1295 922 ipfi,
1329 857 1426 921 qui

80 1025 186 1061 Sant.
227 1036 315 1060 cum
354 1022 458 1059 Alm.
497 1025 604 1062 Voss'.
636 1033 682 1067 5.
711 1023 812 1062 vall.
843 1026 957 1059 Bern.
989 1025 1087 1063 Jens.
1121 1023 1235 1058 Tarv.
1270 1019 1428 1072 institui-

81 1093 163 1117 mus
190 1079 351 1128 reliqui·
410 1081 583 1122 „Sensus
616 1080 683 1121 est,
727 1081 760 1116 is
790 1091 921 1116 orator
952 1094 1067 1129 quem
1100 1079 1368 1117 constituimus
1397 1080 1427 1118 i.

82 1136 323 1181 „definimus
355 1136 426 1172 effe
458 1147 675 1177 oratorem,
707 1137 754 1173 fit
780 1137 813 1171 is
843 1136 914 1186 qui
940 1149 1013 1172 etc.
1069 1138 1164 1173 Non
1204 1137 1307 1172 enim
1351 1137 1431 1183 jam

84 1194 162 1236 „de
198 1193 442 1229 institutione
488 1193 548 1228 red
585 1194 631 1230 de
673 1193 950 1230 constitutione
992 1194 1158 1233 otatoris
1198 1193 1436 1242 loquitur.“

73 1249 243 1286 Badius.
273 1248 358 1285 Nec
387 1249 530 1284 sufficit·
557 1250 664 1298 quod
694 1251 938 1285 Burmannus
971 1249 1024 1285 ait
1049 1250 1301 1298 praeteritum
1325 1250 1432 1298 polse

91 1304 246 1352 agnosci
284 1305 327 1339 iu
364 1305 511 1346 verbo,
553 1318 640 1340 cum
680 1305 904 1355 praesertim
944 1306 1086 1353 optimi
1121 1306 1234 1342 codd.
1267 1305 1434 1341 alterum

363 1361 528 1407 „Quem
569 1359 818 1409 constituimus
858 1367 1087 1396 01·atorem“
1127 1362 1292 1398 eundem
1335 1361 1434 1397 dicit

87 1415 215 1452 noster
239 1429 357 1464 quem
387 1429 481 1452 mox
508 1418 608 1465 „qui
641 1419 731 1453 mihi
760 1418 804 1453 sit
836 1428 978 1454 orator.
986 1423 1010 1438 “
1069 1417 1154 1453 Alia
1186 1419 1346 1454 videtur
1374 1431 1432 1453 ra-

87 1473 148 1508 tio
186 1471 287 1507 infra
327 1471 359 1517 §.
400 1479 465 1518 28.
505 1473 600 1508 item
643 1487 674 1509 1.
711 1477 796 1510 Pro.
830 1486 866 1520 9.
939 1474 1140 1510 Continuo
1181 1489 1268 1522 qma
1299 1475 1433 1515 Tui-ic

85 1526 193 1564 Flor.
223 1523 312 1591 (hic
344 1538 471 1564 tamen
492 1529 710 1574 diremtim)
743 1530 881 1565 omisso
914 1531 954 1564 is.
988 1530 1062 1564 Sed
1082 1531 1217 1566 Amb1.
1238 1541 1273 1565 2.
1299 1529 1429 1566 Guelf.

88 1593 126 1619 et
154 1585 241 1632 quia
272 1597 362 1620 cum
392 1585 804 1635 Be1n.(poste1iores
837 1585 915 1621 duo
946 1586 1084 1622 itidem
1116 1586 1348 1630 diremtim).
1397 1596 1434 1622 εε

87 1653 202 1688 quare
229 1641 332 1679 Vols.
366 1649 404 1685 3.
467 1641 567 1676 Mox
596 1642 776 1690 definitur
804 1643 935 1690 Camp.
973 1656 1098 1677 verum
1130 1643 1240 1692 idque
1270 1643 1370 1692 quod
1397 1652 1433 1679 ot

86 1696 152 1732 ille
179 1697 309 1734 Tuiic.
338 1697 442 1733 Flor.
474 1698 606 1747 Camp.
637 1699 859 1734 Nobiscum
888 1698 1039 1734 faciunt
1071 1699 1206 1736 Ambr.
1231 1711 1266 1736 2.
1303 1699 1431 1738 Guelf.

86 1750 204 1788 Bam.
235 1761 270 1788 et
299 1763 386 1789 ante
419 1753 482 1788 ille
513 1755 704 1789 omittunt
735 1754 893 1802 reliqui.
1177 1765 1213 1790 ec
1234 1755 1325 1805 ipsa.
1373 1756 1437 1793 Sic

87 1808 223 1844 Turio.
261 1807 366 1843 Flor.
409 1808 545 1844 Ambr.
586 1820 622 1844 2.
662 1810 787 1845 Guelf.
833 1811 966 1858 Camp.
1009 1798 1127 1846 Goth.
1162 1805 1260 1863 (tac.
1295 1813 1404 1848 Gesn.
1417 1814 1436 1857 )

90 1876 180 1899 cum
212 1864 298 1901 edd.
329 1875 416 1900 ante
442 1865 591 1913 Gryph.
628 1868 737 1901 etiam
771 1868 793 1901 i.
824 1864 982 1915 reliqui.
1014 1880 1089 1902 non
1119 1880 1176 1908 eo,
1207 1868 1346 1904 omiss'o
1378 1869 1434 1909 ld,

88 1919 203 1956 Leid.
232 1933 326 1957 cum
351 1921 484 1971 steph.
513 1924 568 1957 zis
596 1923 674 1957 ulla
707 1922 826 1958 Goth.
859 1925 962 1968 (tac.
994 1925 1145 1968 Gesn.).
1179 1925 1326 1960 malitia
1357 1925 1437 1960 Tu-

89 1975 160 2014 ric.
190 1975 295 2014 Flor.
526 1992 663 2029 nosque
693 1978 774 2030 ipsi.
803 1980 866 2015 Sic
897 1979 1033 2016 Turic.
1064 1980 1168 2017 Flor.
1202 1981 1298 2030 (nisi
1327 1980 1436 2030 quod

150 2137 175 2159 a
192 2122 259 2159 M.
285 2125 426 2160 Catone
441 2123 591 2172 finitur.
623 2126 670 2163 cf.
698 2135 734 2167 2,

98 2187 162 2223 15,
198 2193 233 2214 1.
287 2181 385 2216 Mox
405 2181 527 2229 utique
544 2185 601 2218 vir
623 2183 737 2218 bonus

93 2236 238 2272 referes
259 2236 305 2271 ad
318 2235 419 2272 illud
443 2239 549 2286 quod
568 2240 735 2287 praeces-

94 2291 247 2340 seratsx‘t
266 2292 382 2328 nobis.
405 2294 606 2341 Interiecta
619 2296 682 2331 ista
697 2296 736 2330 id

95 2349 195 2397 quod
210 2351 398 2394 —majus
424 2346 485 2396 est,
515 2349 733 2399 legitimam

93 2403 240 2441 habent
278 2405 505 2441 structuram
544 2407 736 2443 formulae

96 2461 138 2496 id
167 2463 291 2510 quod.-
323 2462 370 2497 cf.
397 2471 440 2505 3,
465 2460 500 2502 6,
529 2478 562 2499 ι.
605 2463 671 2499 hic
701 2467 736 2511 ᾗ.

98 2527 136 2564 9.
164 2517 259 2554 item
279 2517 478 2554 Drakenb.
511 2520 558 2555 ad
586 2520 676 2557 Liv.
701 2520 737 2559 6,

103 2581 173 2616 17.
194 2574 233 2610 δ.

153 2629 198 2664 Id
219 2643 295 2667 non
313 2644 356 2667 eo
378 2639 532 2668 tantum.
558 2631 644 2679 Qui
674 2631 739 2667 hic

100 2678 259 2733 uliquid
273 2688 605 2736 interpretamenti
628 2689 738 2724 aster-

99 2751 142 2774 τε
170 2740 317 2790 dignati
351 2744 644 2785 sunt,vete1es
675 2744 739 2779 illi

99 2793 319 2847 philologi,
361 2799 460 2836 male
480 2800 738 2851 supplendum

793 2126 1003 2163 statuerunt
1026 2125 1191 2177 spectat,
1228 2127 1294 2164 vel
1322 2131 1438 2177 perti-

793 2192 875 2224 net,
907 2196 997 2218 cum
1033 2197 1076 2218 eo
1106 2183 1187 2219 loci
1218 2186 1438 2235 acciperent

794 2240 1022 2275 adverbium
1063 2251 1100 2275 et
1130 2241 1179 2276 sic
1209 2242 1438 2279 devenirent

793 2296 839 2330 ad
868 2298 1099 2332 mutandum
1133 2310 1227 2333 mox
1259 2298 1358 2345 quod
1393 2299 1438 2335 in

793 2361 843 2388 ut.
885 2352 948 2386 Est
973 2364 1101 2388 autem
1131 2366 1202 2401 pio
1222 2363 1369 2402 propter
1371 2369 1436 2390 ·.ea

795 2409 842 2443 cf.
867 2415 905 2452 4,
956 2415 1056 2453 ,.80
1108 2409 1191 2444 Nec
1216 2421 1344 2446 tamen
1365 2411 1439 2446 dif

794 2463 967 2500 ficultate
989 2475 1090 2500 caret
1113 2464 1175 2500 loe
1158 2479 1236 2506 emis
1268 2466 1334 2502 cui
1353 2480 1439 2502 ana·-
1441 2469 1445 2474 '

796 2519 987 2556 coluthon
1009 2522 1202 2567 quoddam
1222 2522 1328 2561 inest.
1357 2536 1439 2560 non

797 2577 957 2624 quidem
977 2576 1226 2625 negligentia,
1263 2579 1323 2614 fed
1347 2593 1439 2615 con-

796 2632 895 2668 sulto
916 2633 1132 2668 admiffum.
1204 2636 1442 2671 Procedebat

799 2689 901 2724 enim
916 2690 1016 2724 ratio
1030 2690 1205 2726 consueta
1216 2690 1292 2727 hoc
1305 2693 1441 2730 modo.

796 2757 840 2780 ut
870 2747 950 2793 post
975 2745 1078 2781 illud
1109 2759 1183 2782 non
1211 2755 1353 2782 tantum
1381 2748 1442 2783 in-

796 2801 1045 2851 fen·etursecl
1065 2804 1188 2846 etiamg
1222 2804 1338 2853 quod
1352 2814 1447 2839 nus·

914 2881 988 2916 nh
1018 2891 1036 2916 2
